2893 4742
2337 365 2514 435 2363

302 527 459 604 tius,
491 524 1031 591 duodevicesima
1069 529 1500 602 cunctanter‚⁷
1542 544 1701 588 mox
1755 517 2164 589 consensu.⁸J
2253 521 2380 602 Ac,
2422 545 2506 590 ne

308 624 736 693 reverentiam
771 625 1043 708 Imperii
1073 645 1315 687 exuere
1349 624 1776 701 viderentur,⁹
1820 626 2104 688 Senatus
2135 625 2512 709 Populique

308 727 597 792 Romani
639 727 991 790 obliterata
1029 726 1171 806 jam
1220 726 1492 788 nomina
1520 734 1996 790 sacramentnm
2042 726 2507 790 advocabant:

305 828 485 892 nullo
518 827 915 909 Legatorum
945 826 1482 889 Tribunorumve
1530 843 1653 908 pro
1695 826 1917 890 Galba
1943 830 2207 903 nitente,
2235 829 2511 910 quibus·

302 929 482 1005 dam,
528 935 601 991 ut
645 929 715 989 in
766 928 1065 1002 tumultu,
1114 926 1477 990 notabilius
1524 928 1964 993 turbantibus,
2082 929 2238 992 Non
2286 937 2509 992 tamen

306 1030 661 1113 quisquam
690 1029 756 1090 in
787 1027 1051 1090 modum
1078 1029 1421 1092 concionis
1450 1037 1538 1091 e¹¹
1573 1036 1883 1110 suggestu
1924 1031 2190 1096 locutus
2216 1051 2233 1095 ι
2293 1049 2508 1112 neque

230 1129 238 1138 ’
306 1133 478 1194 enim
510 1137 647 1194 erat
675 1129 915 1206 adhuc,
948 1131 1056 1194 cui
1086 1127 1568 1213 imputaretur*

307 389 439 443 LO·
462 389 573 455 (39.1
988 381 1520 432 ms‘ronlARUM
1573 381 1719 432 [ΑΒ.
1765 381 1818 432 ἶ.

302 1282 473 1340 quarta
496 1279 619 1340 tegio
638 1277 878 1339 andaciae,
894 1279 1264 1328 duodevicesima
1285 1279 1578 1339 dubitanter,
1599 1280 1708 1328 dein
1728 1279 1942 1327 concordi
1971 1279 2146 1328 mumo-
2219 1277 2288 1327 Ac
2319 1293 2379 1328 ne
2409 1293 2509 1328 ma-

286 1341 515 1402 jestatem
532 1342 723 1405 imperii
741 1345 1005 1391 detrectare
1026 1357 1235 1418 prorsus
1256 1347 1578 1404 crederentur,
1593 1343 1817 1402 jurabant
1833 1343 1886 1392 in
1903 1345 2041 1392 verba
2056 1349 2246 1392 senatus
2262 1343 2511 1407 populique

304 1407 445 1456 Rom.
468 1422 573 1470 (μω
593 1407 814 1456 vocabula
829 1409 935 1468 jam
960 1406 1157 1469 pridem
1182 1407 1357 1456 abolita
1371 1425 1388 1456 .·
1422 1409 1602 1457 nemine
1621 1409 1884 1468 legator-um
1905 1413 1988 1456 aut
2008 1407 2304 1457 tribunorum
2320 1412 2508 1456 conten-

301 1472 439 1519 dente
470 1487 559 1535 pro
585 1471 758 1532 Galba,
779 1487 883 1519 cum
906 1477 1089 1519 contra
1111 1471 1336 1528 nonnulli,
1367 1477 1421 1520 ut
1455 1473 1506 1520 in
1525 1471 1663 1520 rebus
1679 1471 1903 1531 turbidi-1,
1919 1472 2195 1520 seditionem
2211 1471 2370 1520 acrius
2391 1470 2511 1518 inci-

300 1539 475 1583 tarent.
546 1536 695 1582 Nemo
718 1539 875 1582 tamen
908 1536 969 1582 ad
1002 1533 1157 1584 instar
1178 1536 1427 1594 concionis,
1449 1543 1538 1584 sut
1573 1550 1600 1582 e
1634 1535 1862 1584 tribunali
1883 1536 2140 1585 orationem
2155 1535 2357 1594 habitin·
2399 1549 2511 1583 non·

300 1599 410 1647 dum
431 1599 557 1648 enim
578 1604 699 1661 erat,
722 1599 797 1648 cni
808 1598 1005 1658 facinus
1025 1599 1185 1648 mer-iti
1206 1601 1304 1650 loco
1324 1601 1668 1662 assignaretur.

1234 1741 1527 1761 OON‘OOOOO
1533 1742 1588 1760 Oe

299 1839 568 1892 Acidaliae
604 1847 661 1891 et
692 1840 1067 1890 Freinshemius
1100 1840 1393 1892 malebant:
1443 1841 1537 1892 sed
1567 1842 1700 1892 Μαι.
1721 1841 1846 1891 nihil
1867 1845 2186 1892 mutant-*⁷
2223 1840 2326 1889 Ms.
2351 1841 2508 1894 corb.

298 1910 573 1954 cunctatur:
609 1906 809 1968 Lipsius
832 1910 1105 1954 contanter:
1138 1904 1319 1955 Guelf.
1338 1911 1726 1956 constantem—8
1759 1907 1844 1956 Sic
1881 1906 1997 1955 libri
2035 1920 2227 1955 omnes.
2293 1906 2510 1956 Frustra

300 1977 474 2019 tentat
505 1971 834 2033 Rutgersius,
868 1969 1111 2020 Lectiones
1154 1969 1420 2032 Venusino,
1455 1985 1570 2032 esp.
1607 1975 1689 2020 ³1.
1724 1985 1834 2020 mox
1863 1971 2110 2020 conuenit.
2175 1971 2421 2020 Brot.——9
2452 1971 2507 2020 in

298 2031 413 2082 Sen.
452 2035 570 2096 Pop.
605 2037 688 2097 ξε.
726 2033 983 2098 Ryckius;
1033 2040 1088 2082 et
1123 2033 1198 2082 sic
1234 2029 1682 2083 Gronovius.—lo
1713 2035 1801 2083 Sic
1838 2035 1968 2083 bene
2009 2035 2112 2083 ΜΒ.
2148 2035 2304 2083 Corb.
2343 2033 2506 2083 editio

298 2097 545 2161 princeps
582 2105 637 2152 et
670 2098 1000 2146 recentiores.
1065 2097 1389 2147 Puteolanus
1411 2099 1800 2159 emendaverat,
1834 2098 1886 2147 in
1921 2102 2108 2147 cenatus
2141 2097 2389 2160 populique
2412 2098 2508 2146 Ro-

296 2163 427 2212 tnani
445 2161 696 2210 obliterata
722 2163 831 2222 jam
852 2161 1060 2222 nomina,
1082 2168 1373 2211 sacr-menta
1395 2163 1682 2212 donabant
1698 2179 1718 2220 ,-
1763 2169 1818 2211 et
1853 2162 1928 2210 sic
1967 2161 2193 2224 Ryckins
2225 2167 2280 2210 et
2303 2161 2506 2210 Grono-

297 2227 433 2276 vius.
500 2225 805 2275 Sacramenta
842 2225 1051 2290 quidem
1086 2225 1283 2275 habent
1318 2226 1445 2275 Mss.
1489 2226 1638 2275 Harl.
1677 2226 1827 2275 Bodl.
1861 2225 1974 2276 Jes.
2039 2224 2144 2274 Sed
2173 2225 2224 2272 in
2259 2225 2322 2273 iis
2353 2223 2504 2275 deest

299 2289 707 2353 praepositio‚in.
769 2289 941 2339 Abest
963 2304 1169 2355 quoque
1202 2305 1231 2338 a
1271 2290 1375 2339 Ms.
1398 2291 1538 2340 Flor.
1606 2292 1881 2340 Brot.—ll
1915 2290 2003 2339 Sic
2027 2288 2272 2340 volebant
2292 2288 2504 2338 Groslo-

300 2353 417 2419 tius,
438 2361 493 2403 et
519 2353 767 2420 Ryckius,
788 2361 845 2404 et
866 2354 1090 2405 Brotier.
1113 2362 1170 2405 st
1206 2354 1257 2403 in
1296 2360 1446 2406 texta
1468 2369 1560 2406 suo
1584 2369 1702 2405 cum
1727 2354 1960 2405 Gronov.
1994 2360 2050 2405 et
2077 2353 2293 2419 Bipont.
2330 2365 2508 2403 omnes

295 2418 579 2469 omiserunt
604 2419 1046 2482 praepositionem.

1303 2532 1517 2584 NOTAE

296 2650 445 2687 seure
481 2635 897 2700 significaverat:
945 2636 962 2665 ‘
984 2636 1095 2686 Illis
1117 2630 1364 2687 acclama·
1442 2654 1544 2703 que
1565 2653 1683 2688 eum
1703 2639 1952 2688 honorem
1974 2634 2312 2701 quaerebant.'
2378 2634 2509 2685 Sati·-

297 2712 466 2761 tiones
504 2726 595 2760 seu
635 2718 761 2761 vota
795 2712 1171 2777 repetentibus,
1200 2713 1363 2762 recla—
1438 2716 1616 2764 nerins.

298 2785 505 2835 mebant
530 2786 623 2847 illi,
648 2786 898 2849 Indignus
922 2786 1035 2847 est!

362 2860 653 2925 Frangendi
692 2868 864 2911 autem
906 2862 1195 2925 principum
1236 2860 1361 2910 ima-

294 2935 441 2999 gines
478 2952 599 2986 usus
638 2937 691 2985 in
734 2936 969 2987 omnibus
993 2935 1362 2986 rebellionibus

294 3012 517 3061 obtinuit
542 3011 681 3061 Hist.
708 3026 791 3061 ιη.
823 3014 839 3041 ‘
862 3012 1153 3062 Trierarchi
1172 3026 1362 3076 magno

296 3091 518 3139 tumultu
542 3089 743 3139 Vitellii
780 3090 1026 3153 imagines
1056 3090 1307 3139 invadunt
1325 3089 1360 3139 :’

294 3164 413 3213 eod.
453 3167 602 3215 loco:
638 3172 653 3195 ⁶
680 3167 829 3215 simul
870 3168 1070 3217 Vitellii
1110 3168 1360 3232 imagines

294 3240 558 3303 direptae!
626 3243 851 3292 Sat-ilius.

356 3314 373 3360 l
427 3320 734 3381 Cunctanter,
778 3336 887 3370 mox
930 3320 1172 3385 masena]
1237 3321 1359 3370 Non

292 3394 473 3442 eadem
494 3394 763 3444 alacritate
784 3396 919 3459 legio
940 3396 1361 3446 duodevicesima

294 3464 480 3517 afflixit
506 3470 751 3530 imagines
778 3470 983 3529 Galbae,
1009 3487 1113 3535 qua
1134 3472 1185 3519 id
1210 3486 1361 3535 quar-

295 3544 425 3591 tanis
443 3544 637 3592 factum
660 3553 739 3593 est
761 3561 773 3593 :
811 3554 865 3593 at
890 3546 926 3595 ii
949 3560 1147 3609 omnes,
1160 3555 1365 3611 postea,

289 3632 511 3667 oensem
526 3635 546 3675 ,-
576 3619 627 3667 id
652 3628 753 3681 est,
776 3636 842 3670 ne
868 3622 1197 3671 aemnlatione
1223 3622 1360 3686 prin·

290 3692 423 3755 cipis
448 3695 565 3754 loci,
600 3695 651 3742 in
688 3694 973 3745 discordias
1014 3699 1363 3759 traherentur,

290 3774 349 3816 et
390 3781 455 3816 ne
496 3767 797 3818 viderentur
833 3785 865 3820 a
914 3773 1157 3821 Romanis
1196 3772 1359 3823 desci-

290 3842 445 3904 visse,
460 3844 643 3906 jurant
666 3846 718 3894 in
742 3860 929 3895 nomen
954 3850 1004 3895 S.
1034 3849 1092 3895 Ρ.
1120 3850 1185 3899 Q.
1209 3849 1272 3896 R.

356 3918 545 3967 Similis
588 3920 849 3969 aemulatio
872 3922 923 3969 ln
948 3921 1201 3971 seditione
1223 3922 1359 3971 Pan-

288 3995 587 4044 nonii-arum
613 3994 888 4058 legionum,
906 3996 1043 4047 Anu.
1056 4013 1093 4047 ι.
1112 4004 1185 4049 18.
1205 4001 1220 4026 ‘
1235 3999 1359 4047 Pos-

288 4076 454 4121 tremo
479 4086 541 4119 eo
566 4070 757 4120 furoris
798 4087 1005 4135 venere,
1047 4084 1103 4124 ut
1144 4084 1249 4124 tres
1288 4076 1357 4125 le·

290 4148 469 4213 giones
494 4151 711 4200 miscere
750 4152 799 4199 in
840 4166 987 4199 unam
1024 4153 1357 4216 agitaverint,

288 4222 494 4290 depulsi
533 4228 886 4291 aemulatione,
921 4229 1041 4293 quia
1074 4244 1182 4279 sun
1223 4232 1360 4296 quis·

1505 2790 1714 2840 Sueten.
1739 2790 1895 2839 Galb.
1917 2794 1968 2838 6.
2002 2788 2018 2815 ‘
2043 2787 2330 2851 Statimque
2369 2785 2508 2849 lega-

1441 2865 1634 2916 tionem
1655 2864 1718 2914 ad
1747 2862 2082 2927 pra-torianos
2113 2876 2232 2910 cum
2253 2859 2507 2910 mandatis

1441 2940 1856 3002 destinaverunt,
1891 2938 2168 3001 displicere
2219 2936 2508 2997 Imperato-

1441 3031 1550 3065 rem
1597 3017 1646 3064 in
1702 3013 1954 3077 Hispania
1993 3011 2207 3072 factum,
2254 3010 2509 3071 eligerent

1441 3092 1560 3155 ipsi,
1579 3106 1731 3155 quem
1772 3088 1948 3139 cuncti
1984 3086 2248 3137 exereitus
2271 3099 2506 3150 compro-

1445 3165 1665 3216 barent!

1505 3243 1606 3293 Sed
1621 3240 1913 3306 legationis,
1927 3246 1983 3289 ut
2002 3239 2226 3299 videtur,
2239 3243 2502 3289 revocatae

1439 3319 1704 3381 negotium
1745 3316 2031 3375 intercidit,
2061 3328 2125 3363 ex
2167 3315 2418 3364 seditione
2449 3314 2504 3363 in

1441 3394 1639 3444 Vitellii
1659 3392 1889 3443 favorem
1912 3399 2070 3442 mota.
2139 3392 2359 3441 Savium

1507 3470 1720 3518 Nullam
1747 3469 1814 3517 ibi
1839 3468 1993 3516 video
2018 3468 2394 3516 tumulationem
2431 3468 2510 3517 in·

1442 3549 1527 3593 ter
1543 3546 1790 3607 legiones,
1811 3553 1865 3592 ut
1888 3544 1997 3592 vult
2013 3544 2312 3592 Salinerius.
2347 3544 2508 3593 Certe

1440 3634 1721 3669 consensu-³
1761 3620 1964 3667 illarum
2012 3624 2182 3681 potest
2223 3618 2413 3667 cadere
2449 3617 2506 3667 in

1440 3694 1810 3743 antecedentia
1829 3702 1883 3742 et
1903 3694 2270 3757 consequentia
2290 3707 2305 3752 ;
2351 3693 2423 3742 ita
2446 3698 2507 3743 nt

1441 3769 1793 3818 consenserint
1817 3768 1932 3817 istae
1976 3768 2204 3831 legiones
2226 3768 2274 3815 in
2301 3766 2509 3829 projici·

1441 3846 1601 3895 endas
1627 3846 1875 3907 imagines
1898 3845 2102 3901 Galboe,
2125 3852 2313 3909 quarta
2337 3858 2506 3905 prom-

1442 3922 1561 3981 tius,
1586 3920 2004 3970 ‹innodavit-enimn
2035 3923 2208 3979 lente3
2261 3935 2375 3967 mox
2413 3932 2506 3983 pa·

1440 3999 1570 4047 riter
1606 4000 1657 4047 in
1693 3998 1744 4046 id
1784 3996 2152 4055 consenserint,
2172 3997 2422 4059 simulque
2447 4000 2507 4046 et

1438 4076 1489 4123 in
1530 4082 1908 4123 sacramentum
1933 4071 2284 4120 advocandum
2323 4070 2376 4119 in
2417 4084 2507 4120 no·

1436 4164 1556 4199 men
1578 4151 1629 4199 S.
1660 4152 1716 4198 Ρ.
1739 4152 1806 4197 Q.
1835 4148 1899 4195 R.

1503 4223 1527 4258 ¹¹
1562 4224 1658 4275 Cui
1675 4220 2017 4287 imputaretur]
2081 4220 2146 4271 In
2182 4222 2236 4275 S.
2257 4220 2323 4271 P.
2346 4220 2415 4274 Q.
2437 4220 2502 4276 R.
