2893 4742
207 291 273 346 J.
294 292 359 346 O.
378 291 495 358 000]

884 285 1421 337 mswomalwu
1467 288 1620 338 mn.
1665 289 1752 338 11.

2251 272 2426 342 2671

206 431 460 498 bellum
490 431 729 515 ipsum.
818 427 889 493 N
890 447 969 494 ec
996 429 1160 494 mihi
1190 431 1407 514 major
1432 431 1502 494 in
1531 438 1647 496 tua
1675 432 2042 514 vigilantia,
2089 435 2422 517 parsimo-

210 537 375 613 ιιὶει,ς
395 542 423 569 ¹·
469 531 819 616 sapientia,
859 529 1107 596 fiducia
1132 538 1258 608 est,
1288 552 1492 616 quam
1521 537 1592 598 in
1619 533 1880 599 Vitellii
1909 542 2193 617 torpore,
2224 536 2428 600 insci-

210 708 441 758 vulnera.
505 705 624 755 Nec
648 705 769 754 mihi
790 706 907 769 pius
920 703 1126 756 fiduciae
1145 702 1227 757 est
1249 707 1303 758 in
1324 715 1417 758 tua
1436 709 1786 772 providentia,
1801 707 2120 772 frugalitate,
2135 722 2230 756 usu
2252 719 2427 758 rerum

210 778 270 823 ct
305 769 651 834 experientia,
686 783 839 834 quam
860 771 915 820 in
950 770 1150 820 viteuii
1179 773 1389 836 inertia,
1426 772 1680 837 socordia,
1715 773 2054 824 immanitate.
2117 772 2224 822 Sed
2262 772 2424 822 etiam

1126 927 1359 950 “Um
1362 930 1482 950 m&

215 1035 331 1098 nus',
350 1042 559 1088 contecta
578 1038 847 1087 victricium
868 1038 1080 1102 partiam
1098 1043 1147 1088 et
1170 1038 1495 1090 tumescentia.
1561 1039 1788 1091 Brotier.
1789 1045 1888 1090 -5
1922 1041 2069 1094 Male
2091 1046 2268 1093 tentat
2301 1041 2430 1110 Lip-

215 1103 344 1166 sius,
364 1101 637 1152 acrimonia.
702 1101 871 1153 Idem.

1218 1215 1433 1267 NOTAE

283 1334 309 1360 Ι·
343 1327 663 1390 Parsimonia]
698 1325 919 1391 Ambigo
940 1328 1007 1378 de
1028 1341 1155 1378 voce
1174 1343 1287 1392 par·

213 1403 447 1452 simia.-
502 1404 745 1453 convenit
788 1405 842 1452 in
892 1405 1283 1468 Vespasianum,

216 1478 361 1538 sci03
393 1492 545 1542 quem
569 1477 831 1528 sordidum
852 1492 1163 1544 avarumque
1180 1493 1286 1528 om-

216 1567 311 1604 nes
336 1553 557 1616 faciunt,
576 1569 678 1604 non
700 1555 863 1606 solum
884 1569 1115 1621 parcum.
1178 1555 1285 1604 Sed

216 1644 313 1680 cur
348 1631 483 1679 inter
523 1631 884 1696 principes‚et
923 1633 1149 1682 inusti-es
1184 1633 1284 1680 vir-

218 1711 381 1766 tutes,
400 1707 533 1755 hane
555 1705 891 1756 domesticam
926 1708 1283 1772 privatamque

215 1779 486 1829 nominet?
517 1786 611 1829 aut
632 1793 727 1832 cur
746 1781 799 1830 in
822 1793 887 1830 ea
900 1781 1143 1832 fiduciam
1164 1784 1286 1834 boni

219 1862 439 1906 eventus
463 1857 721 1907 collocet?

285 1930 408 1980 Non
440 1930 595 1994 digna
631 1931 860 1996 videtur,
896 1947 1012 1998 quae
1037 1933 1102 1983 ad
1124 1934 1285 1996 impe-

215 2007 349 2056 rium
372 2005 609 2069 adjuvet,
635 2013 727 2058 aut
746 2007 812 2056 ad
832 2009 887 2057 id
912 2008 1129 2072 gradum
1152 2016 1287 2058 stru-

218 2091 307 2134 at:
355 2085 452 2134 uisi
472 2083 693 2136 fortasse
715 2088 1097 2151 comparatione
1120 2087 1287 2136 vitel-

216 2157 275 2209 lii
300 2159 519 2226 dictum,
539 2162 627 2226 qni
642 2168 795 2212 natus
813 2162 878 2213 ad
895 2161 1286 2228 prodigendum.

222 2235 437 2300 Lipsius.

284 2312 417 2362 Mihi
442 2303 613 2362 tam'en
630 2313 851 2377 videtur,
866 2313 1165 2364 Mucianum
1181 2329 1285 2363 uon

216 2394 415 2439 temere
433 2389 573 2439 inter
589 2389 716 2440 alias
732 2391 953 2440 virtutes
986 2390 1144 2441 etiam
1160 2391 1289 2441 Ves-

215 2462 419 2527 pasiani
468 2463 807 2527 parsimoniam
846 2464 1080 2527 laudare,
1127 2470 1284 2529 atque

216 2540 275 2589 in
328 2554 391 2589 ea
441 2539 677 2590 victorioe
722 2539 968 2592 fiduciam
1012 2556 1285 2607 reponere,

217 2629 337 2665 cum
360 2614 483 2665 belli
506 2630 693 2665 nervos
728 2616 1002 2679 pecuniam
1024 2630 1141 2667 esse
1163 2631 1286 2667 con-

214 2695 341 2754 stet,
362 2697 424 2741 nt
458 2690 675 2741 inferius
698 2691 865 2759 dixit:
918 2707 979 2742 ac
1004 2693 1129 2742 sien
1162 2707 1285 2755 pro-

217 2765 505 2830 digeretur,
524 2773 586 2816 ut
608 2781 641 2815 a
655 2767 868 2816 Vitellio
888 2766 1069 2831 fiebat,
1093 2766 1288 2817 frustra

214 2842 269 2889 iu
313 2841 427 2891 aliis
470 2840 749 2893 virtutibus
808 2848 965 2907 atque
1010 2843 1063 2891 in
1105 2849 1286 2892 cetero

220 2916 413 2967 bellico
465 2923 657 2982 paratu
708 2928 827 2983 spes
883 2918 1288 2984 relinquebatur.

220 2992 455 3044 mae-a.

285 3068 429 3120 Quin
450 3062 670 3118 disertus
697 3068 787 3119 ille
807 3070 1085 3119 Mucianus
1120 3068 1289 3133 publi·

221 3155 339 3193 cam
374 3141 692 3207 Vespasiani
726 3145 1090 3207 parsimoniam
1132 3144 1290 3208 Reip.

218 3218 445 3269 maxime
483 3218 664 3268 utilem
698 3219 965 3270 censebat.
1027 3218 1185 3268 Unde
1222 3219 1290 3269 de

220 3307 287 3343 eo
307 3292 504 3357 Xiphil.
524 3293 542 3322 ‘
569 3294 844 3344 Mucianus
866 3289 991 3345 vero
1016 3294 1291 3344 undecum-

218 3382 323 3434 que
346 3374 572 3433 poterat,
592 3368 893 3420 immensam
928 3370 1199 3434 pecuniam
1234 3370 1319 3419 iu=

223 3445 465 3495 aerarium
487 3445 893 3511 congerebat,ut
908 3452 1167 3510 promtum
1186 3444 1293 3495 bel-

218 3519 274 3570 lo
306 3516 610 3582 subsidium,
642 3520 955 3583 vituperium
994 3521 1048 3568 iu
1084 3534 1143 3569 sc
1170 3521 1295 3569 loco

222 3596 533 3661 Vespasiani
572 3595 846 3661 recipiens.
923 3596 1139 3659 Quippe
1176 3608 1295 3644 uer-

219 3686 317 3722 vus
339 3671 566 3735 imperii,
586 3673 809 3735 pecunia
843 3686 1050 3735 semper
1079 3684 1195 3722 esse
1217 3669 1293 3720 di-

216 3747 397 3798 citur!
466 3748 677 3795 Cotem.
772 3746 959 3797 Potuit
1014 3746 1291 3797 Mucianus

217 3821 491 3873 celebrare
546 3822 910 3886 parsimoniam
962 3823 1291 3887 Vespasiani,

218 3914 337 3964 qum
374 3897 517 3948 forte
553 3898 783 3949 nondum
820 3897 1053 3948 avaritiae
1086 3900 1292 3949 nomine

218 3972 489 4025 audiebat.

288 4050 430 4101 Nam
450 4050 519 4100 de
541 4064 605 4099 eo
626 4050 699 4101 sic
721 4050 863 4101 Suet.
880 4050 1043 4114 vesp.
1063 4054 1113 4099 4.
1146 4050 1163 4079 ‘
1187 4051 1291 4100 Ex·

215 4124 274 4179 in
311 4126 527 4179 sortitus
546 4124 787 4179 Africam
808 4125 1163 4193 integerrime,
1190 4138 1291 4179 nec

1364 1329 1476 1378 siue
1499 1343 1686 1393 magna
1702 1329 2000 1397 dignatione
2019 1331 2398 1386 administravit
2416 1349 2434 1383 ι

1362 1404 1462 1454 nisi
1479 1405 1615 1469 quod
1629 1404 1904 1456 Adrumeti
1917 1406 2174 1458 seditione
2189 1408 2433 1472 quadam,

1364 1487 1518 1542 rapta
1539 1481 1590 1530 in
1609 1495 1726 1530 eum
1737 1482 1884 1545 jacta
1904 1487 2043 1533 sunt.
2095 1482 2272 1533 Rediit
2287 1490 2434 1533 certe

1364 1555 1526 1604 nihilo
1544 1557 1858 1621 opulentior,
1879 1565 1942 1608 ut
1975 1558 2065 1622 qui
2099 1571 2266 1623 prope
2291 1559 2434 1609 labe·

1366 1629 1566 1679 factata
1585 1631 1696 1693 jam
1717 1630 1844 1693 fide,
1866 1633 2040 1682 omnia
2061 1632 2258 1697 proedia
2277 1630 2434 1685 fratri

1365 1703 1633 1767 obligarit,
1655 1707 2052 1772 necessarioque
2074 1708 2139 1757 ad
2157 1709 2435 1772 Mangoni·

1365 1792 1456 1828 cos
1509 1787 1755 1844 quaestus,
1797 1781 2116 1832 sustinenda
2169 1781 2436 1846 diguitatis

1366 1867 1542 1916 causa,
1565 1854 1930 1919 descenderit,'
1963 1859 2062 1907 ὅτε.

1431 1931 1636 1993 Potuit,
1685 1932 1916 1996 iuquam,
1967 1934 2243 1983 Mucianus
2299 1937 2438 1986 ceie-

1366 2006 1520 2056 brare
1542 2006 1679 2055 inter
1714 2008 1839 2056 alias
1874 2007 2094 2058 virtutos
2131 2009 2239 2072 ejus
2279 2009 2437 2072 parsi·

1366 2081 1608 2144 moniam,
1627 2087 1816 2146 utpote
1843 2095 1996 2148 quam
2025 2083 2294 2147 judicaret
2329 2099 2436 2136 om-

1365 2157 1489 2207 nino
1511 2159 1857 2209 necessariam
1873 2165 1930 2207 et
1944 2157 2014 2209 ad
2043 2159 2438 2223 adipiscendum

1366 2238 1423 2282 et
1444 2233 1513 2282 ad
1535 2233 1946 2283 conservandum
1965 2233 2257 2300 imperium.

1429 2309 1551 2360 Hoc
1573 2316 1723 2375 patet
1744 2325 1810 2359 ex
1830 2309 1908 2360 his
1933 2325 2052 2377 quae
2070 2310 2242 2362 infra:
2293 2308 2436 2364 ‘Do-

1364 2386 1594 2440 nativum
1615 2387 1768 2436 militi
1789 2400 1956 2451 neque
1973 2388 2247 2439 Mucianus
2266 2390 2436 2453 prima

1365 2463 1615 2512 concione
1638 2462 1737 2511 nisi
1759 2462 1961 2513 modice
1983 2464 2319 2515 ostenderat?

1427 2538 1500 2587 Et
1523 2538 1673 2601 paulo
1689 2537 1909 2587 inferius
1930 2554 1944 2587 ι
1979 2540 1996 2567 ‘
2017 2540 2122 2589 Sed
2139 2538 2264 2589 nihil
2284 2555 2434 2607 aeque

1362 2609 1644 2675 fatigabat,
1668 2628 1820 2676 quam
1855 2615 2195 2677 pecuniarum
2228 2618 2439 2681 conqui-

1362 2688 1512 2737 sitio:
1553 2702 1642 2736 eos
1665 2702 1778 2737 esse
1801 2688 1926 2736 belli
1949 2688 2109 2737 civilis
2128 2703 2311 2740 nervos
2328 2690 2436 2741 dic»

1366 2763 1525 2813 titans
1549 2762 1861 2827 Mucianus‚’
1901 2766 2003 2813 dcc.
2085 2764 2169 2812 Ex
2187 2764 2268 2813 his
2292 2766 2435 2815 clare

1366 2844 1538 2903 patet,
1575 2846 1766 2903 quanto
1805 2852 1966 2903 opere
1994 2840 2264 2902 amplexus
2289 2840 2357 2889 sit
2379 2847 2438 2891 et

1356 2904 1715 2965 celebraverit
1769 2914 2154 2979 parsimoniam,
2195 2928 2286 2963 seu
2328 2930 2438 2965 mo-

1368 2989 1490 3039 dum
1513 2988 1738 3040 habendi
1757 2989 2049 3039 Mucianus.

1437 3066 1589 3128 Quae,
1613 3072 1671 3115 ut
1693 3064 1821 3123 dixi,
1842 3070 1952 3114 tum
1987 3064 2174 3128 virtus,
2209 3062 2436 3117 nondum

1371 3140 1590 3189 avaritia
1607 3139 1709 3190 fuit
1727 3139 1778 3189 in
1789 3140 2132 3203 Vespasiano,
2150 3146 2209 3190 nt
2226 3142 2300 3191 ait
2312 3142 2438 3193 Tac.

1372 3216 1389 3244 ‘
1415 3215 1563 3265 Inter
1599 3216 1750 3265 initia
1779 3216 1981 3281 imperii
2024 3216 2090 3266 ad
2129 3216 2438 3267 obtinendas

1370 3290 1674 3355 iniquitates
1713 3292 1850 3341 haud
1890 3292 2107 3355 perinde
2160 3292 2441 3357 obsflnato,

1372 3366 1540 3417 donec
1564 3364 1886 3431 indulgentia
1904 3366 2147 3432 fortuuae,
2179 3374 2237 3418 et
2263 3368 2439 3433 pravis

1370 3442 1629 3505 magistris
1651 3441 1849 3505 didicit,
1871 3458 2126 3509 aususque
2149 3442 2266 3496 est?

1435 3520 1510 3569 Et
1544 3521 1774 3585 quamvis
1804 3520 2024 3571 avaritia
2047 3526 2340 3585 vocaretur,
2359 3526 2442 3571 ta-

1369 3608 1491 3644 men
1528 3608 1592 3644 ea
1629 3596 1838 3659 egregie
1871 3610 1995 3646 usus
2018 3603 2118 3647 est.
2183 3597 2333 3647 Suet.
2359 3600 2440 3646 16.

1368 3670 1389 3699 ‘
1410 3670 1559 3720 Male
1598 3672 1762 3734 partis
1803 3672 2000 3736 optime
2037 3686 2160 3723 usus
2194 3680 2291 3723 est.
2372 3670 2438 3721 Iu

1370 3758 1522 3795 omne
1544 3746 1800 3796 hominum
1818 3763 1978 3811 genus
2005 3748 2440 3799 liberalissimus...

1369 3822 1580 3887 ingenia
1623 3830 1677 3873 et
1723 3832 1864 3873 artes
1905 3824 1990 3875 vel
2032 3824 2255 3875 maxime
2273 3820 2442 3887 'foris

1370 3899 1568 3963 primus
1624 3912 1656 3948 e
1709 3897 1837 3949 fisco
1891 3899 2088 3949 Latinis
2133 3898 2440 3963 Gra-cisque

1370 3974 1666 4025 rhetoribus
1698 3990 1869 4025 annua
1893 3980 2118 4024 centena
2137 3973 2406 4025 coustituit
2421 3986 2440 4025 ε

1370 4057 1685 4115 praestantes
1709 4050 1892 4118 poetas
1911 4063 2115 4101 necnon
2133 4056 2194 4102 et
2211 4047 2442 4105 artifices

1373 4124 1600 4178 coemit?
