2893 4742
971 363 1064 414 ιτ
1105 361 1507 416 encomio
1552 363 1845 416 canu.
2320 349 2495 423 sm

303 511 520 575 varet:
559 504 748 592 quod
793 501 1040 570 nassa
1081 505 1166 570 ab
1208 503 1402 571 inerti
1452 504 1631 582 aula,
1658 509 1725 574 et
1770 523 1893 589 per
1933 505 2171 574 luxum
2216 525 2301 574 ac
2327 505 2497 576 inta-

297 609 506 676 miam
559 608 962 690 nequissime
1015 607 1332 684 emollita,
1399 607 1737 690 sperabat.
1852 607 2143 693 Jamque
2206 609 2395 675 missi
2450 627 2499 678 a

297 711 552 778 Senatu
595 709 858 794 equites
905 708 1552 792 appropinquabant,
1582 710 1760 793 quod
1792 715 1869 774 ut
1899 709 2083 776 Nero
2114 717 2339 789 sensit,
2368 712 2497 778 fer·

296 833 452 880 rum
499 813 736 897 jugulo
785 809 1030 890 adegit,
1071 808 1348 890 juvante
1395 807 1851 892 Epaphrodito
1894 830 1939 874 a
1986 813 2251 890 libellis,
2296 813 2409 896 qui
2450 831 2499 880 a

297 915 696 982 Domitiano
747 917 988 994 postea
1032 909 1324 988 occisus,
1374 910 1575 976 istius
1622 912 1931 996 obsequii
1979 915 2267 995 pretium
2320 913 2497 994 tulit,

287 1017 660 1102 judicante,
706 1019 726 1048 ⁶
745 1031 880 1078 non
907 1011 1174 1094 dignum
1205 1013 1465 1094 spiritu,
1506 1015 1621 1094 qui
1662 1033 2088 1097 quocumque
2114 1015 2313 1081 modo
2340 1035 2495 1082 eum

298 1117 606 1201 Principi
659 1111 1140 1198 expressisset-³
1246 1113 1455 1178 Hunc
1506 1115 1663 1178 vitae
1716 1115 1963 1178 exitum
2020 1116 2253 1180 habuit
2306 1116 2495 1182 Nero

293 1219 436 1284 vita
461 1216 838 1302 pudendus,
865 1215 1148 1297 imperio
1197 1215 1264 1278 in
1305 1214 1647 1296 publicum
1694 1213 1921 1280 odium
1968 1215 2283 1294 adducto,
2308 1219 2493 1286 nullo

291 1339 416 1386 nec
485 1325 669 1384 metu
715 1337 839 1381 nec
891 1335 1110 1380 amore
1162 1315 1633 1399 subjectorum,
1692 1317 1981 1382 secundo
2032 1323 2101 1381 ot
2152 1319 2493 1398 trigesimo

295 1423 540 1497 artatis,
599 1439 682 1485 ac
735 1418 1233 1502 decimoquarto
1279 1419 1541 1500 imperii
1588 1437 1785 1494 anno,
1832 1424 2077 1482 octavo
2117 1417 2227 1482 die
2268 1418 2315 1483 J
2318 1421 2493 1502 unii3

291 1519 470 1588 baud
495 1519 768 1586 modica
811 1519 938 1599 sub
983 1519 1244 1583 initium
1293 1519 1555 1601 imperii
1600 1518 1835 1598 gratia,
1868 1524 1941 1582 ut
1988 1517 2209 1584 dicere
2250 1521 2492 1587 solitus

291 1622 488 1685 fuerit
531 1621 889 1705 Trajauus,
935 1624 956 1654 ‘
983 1621 1196 1685 bonos
1249 1621 1454 1684 etiam
1509 1619 1867 1701 Principes
1912 1638 2043 1684 non
2092 1619 2491 1704 adaequasso

290 1721 537 1786 famam
569 1720 938 1784 Neroniani
970 1719 1442 1802 quinquennii.'
1530 1717 1667 1783 Sed
1699 1738 1858 1784 mox
1889 1739 2041 1784 cum
2067 1725 2395 1803 erupisset
2418 1724 2493 1800 in

289 1821 640 1910 quodlibet
665 1819 958 1884 licentiae
1001 1827 1072 1884 et
1099 1819 1511 1884 crudelitatis
1554 1839 1785 1902 geauS,
1814 1821 2029 1884 lentus
2072 1821 2145 1884 in
2184 1824 2487 1906 negotiis,

287 1922 514 1986 valido
545 1925 800 1986 tantum
824 1920 892 1984 in
918 1920 1176 2003 flagitia
1201 1921 1491 2002 ingenio,
1538 1921 1641 1986 sic
1670 1919 1934 1984 tandem
1962 1940 2327 2006 oppressus
2368 1943 2489 2011 pe-

285 2023 416 2088 riit.

372 2122 542 2187 Post
569 2123 716 2206 ejus
745 2128 1018 2188 mortem
1049 2125 1340 2208 populus
1365 2130 1436 2190 et
1474 2125 1805 2209 imprimis
1847 2125 2157 2202 Nobiles,
2202 2129 2271 2192 in
2312 2147 2487 2213 quos

285 2223 650 2308 praesertim
699 2223 1028 2301 saevierat,
1083 2243 1278 2290 saera
1330 2225 1487 2290 Diis
1538 2225 1855 2302 fecerunt,
1906 2228 2078 2290 actis
2130 2229 2325 2310 quasi
2368 2249 2488 2312 per

281 2325 620 2409 publicum
665 2324 980 2406 gaudium
1029 2324 1239 2391 festis.
1358 2326 1498 2393 Alii
1546 2345 1808 2412 quoque
1860 2327 2091 2411 pileati
2138 2331 2279 2395 tota
2326 2330 2487 2397 urbe

281 2425 742 2503 discurrerunt,
793 2427 988 2508 quasi
1035 2433 1232 2511 parta
1273 2430 1599 2493 libertate.
1686 2428 1970 2493 Senatus
1998 2427 2085 2491 de
2124 2447 2303 2494 novo
2332 2450 2487 2495 cen·

281 2527 434 2603 suit,
478 2530 498 2559 ⁶
517 2527 762 2607 gratias
795 2526 1211 2613 Nymphidio
1246 2528 1565 2609 agendas,
1596 2529 1999 2612 laudataque
2028 2528 2177 2611 ejus
2205 2529 2487 2611 prudeu-

279 2626 394 2704 tin,
453 2632 520 2689 et
573 2628 744 2709 reip.
800 2627 1007 2705 cura,’
1075 2628 1319 2693 Galbae
1371 2627 1663 2693 decrevit
1720 2634 2077 2693 consuetos
2149 2628 2485 2713 Principis

275 2724 582 2789 bonores.
673 2725 760 2789 Et
785 2726 1032 2791 factum
1059 2746 1258 2809 super
1283 2746 1366 2791 ea
1393 2746 1465 2791 re
1490 2729 2151 2806 senatusconsultum,
2178 2735 2252 2793 ut
2276 2748 2483 2812 quam

277 2828 620 2894 celerrime
675 2827 760 2891 ad
809 2847 962 2893 eum
1017 2832 1398 2907 mitteretur,
1445 2831 1755 2895 consules
1812 2850 2087 2913 operam
2136 2830 2478 2897 dederunt.

273 2928 568 2995 Decreta
626 2948 896 3011 quoque
949 2930 1192 3012 legatio
1247 2950 1335 2994 ex
1387 2932 1809 3014 primoribus,
1868 2932 2095 2996 addito
2146 2931 2477 3009 mandato,

267 3038 516 3117 praeter
544 3030 1056 3111 gratulationum
1106 3032 1424 3107 solennia,
1458 3036 1532 3095 ut
1573 3036 1913 3113 rogaretur
1946 3034 1978 3077 ·‘
2004 3030 2295 3095 Romam
2324 3050 2477 3115 pro·

267 3127 550 3215 perure!
636 3129 808 3193 Tum
837 3133 906 3193 et
934 3131 998 3193 in
1027 3131 1274 3219 Senatu
1301 3132 1745 3214 propositum,
1794 3134 1813 3164 ‘
1838 3130 2009 3196 utin
2048 3137 2475 3200 accusatores

265 3227 742 3314 inquireretur.’
829 3230 1196 3313 Spectabat
1227 3232 1298 3295 id
1325 3232 1412 3295 ad
1441 3233 1684 3297 multos
1710 3251 1802 3297 ex
1833 3234 2332 3315 potentissimis,
2358 3233 2476 3315 qui
2572 3270 2597 3279 --

265 3332 730 3413 proximorum
759 3331 1046 3413 pernicie
1075 3333 1422 3409 vixissent,
1460 3334 1653 3397 etsie
1684 3332 2175 3416 quodammodo
2205 3333 2476 3399 convel-

262 3428 564 3495 lebantur
589 3448 834 3495 arcana
876 3430 1159 3513 imperii,
1205 3433 1460 3497 eversis
1494 3433 1641 3515 ejus
1670 3432 2023 3516 praesidiis.
2118 3432 2187 3497 N
2190 3434 2475 3501 ihilomi-

263 3548 394 3595 nus
442 3536 667 3595 tamen
713 3532 812 3595 illi
861 3530 1032 3595 adeo
1091 3530 1471 3597 execranda
1524 3532 1821 3597 facinora
1872 3540 2353 3617 perpetrarant,
2400 3538 2473 3601 et

263 3630 438 3697 adeo
491 3650 724 3695 recens
783 3630 1106 3695 scelerum
1159 3632 1477 3695 memoria
1533 3637 1697 3711 erat,
1722 3658 1729 3663 ·
1756 3640 1835 3697 ut
1900 3634 2471 3719 senatusconsulto

265 3736 288 3767 ‘
305 3750 538 3796 omnes
569 3732 912 3809 delatoreS,
944 3750 1097 3796 cum
1123 3732 1382 3813 reliqua
1426 3732 1713 3797 Neronis
1739 3734 2051 3813 factione,
2086 3735 2470 3817 judicaren-

261 3838 368 3897 tur
417 3831 734 3917 puniendi
779 3850 960 3896 more
1009 3830 1382 3914 majorum.’
1472 3832 1607 3895 Sed
1654 3834 1725 3897 in
1774 3854 2037 3917 paucos
2087 3842 2338 3899 tantum
2378 3852 2469 3898 ex

257 3934 500 3999 infimis
542 3932 614 3996 id
661 3932 896 4009 valuit,
923 3951 1014 3996 ex
1043 3932 1282 4015 quibus
1325 3950 1446 3995 nec
1494 3930 1777 4014 iusignia
1804 3934 1872 3997 in
1900 3935 2070 3999 alios
2102 3934 2365 4011 damna,
2406 3934 2468 3999 si

257 4034 422 4099 salvi
447 4034 685 4110 forent,
713 4032 936 4097 necin
965 4032 1301 4115 Rempub.
1331 4033 1681 4098 commoda
1708 4036 2048 4114 extabant,
2094 4034 2157 4099 si
2186 4033 2459 4097 damna-

257 4140 488 4215 rentur,
517 4134 890 4221 majoribus
915 4132 1120 4201 facile
1148 4132 1568 4199 eludentibus
1586 4133 1991 4218 periculum.
