2893 4742
2293 315 2468 414 isos

256 497 461 577 hosti,
490 519 621 563 non
662 498 1093 576 admissuro,4
1112 508 1135 536 ⁸
1176 519 1310 582 quo
1360 503 1578 566 miuus
1605 501 1982 586 expeditus,
2027 509 2096 568 et
2141 505 2264 570 vix
2293 527 2458 590 qua-

254 603 404 662 tuor
432 595 665 663 milliaf
698 619 1018 683 passuum
1050 611 1488 684 progressuS,⁸
1532 610 1650 666 aut
1701 604 2180 687 incompositos
2229 607 2298 672 in
2343 628 2460 690 ag-

256 700 455 776 mine,
484 705 604 763 aut
630 699 995 784 dispersos*
1036 707 1105 766 et
1134 703 1383 766 vallum
1405 704 1752 768 molientes
1783 707 2282 787 aggrederetur?
2341 707 2461 770 Ti-

256 801 477 864 tianus
501 808 569 865 et
610 802 959 882 ProculuS,
998 805 1112 867 ubi
1156 802 1474 868 consiliis*
1517 807 1951 883 vincerentur,
1983 807 2067 869 ad
2091 807 2206 890 jus
2241 807 2464 892 Impe-

256 897 370 964 riij
415 903 799 968 transibant.
845 903 1099 969 Aderat
1126 924 1284 970 sane
1316 907 1488 969 citus
1515 926 1688 989 equo
1731 905 2056 974 Numida*
2102 925 2254 973 cum
2285 916 2461 974 atro—

256 1002 447 1066 cibus
473 1004 830 1081 mandatiS,
886 1006 1127 1088 quibus
1158 1003 1361 1082 othe,
1407 1007 1729 1090 increpita
1771 1012 1792 1041 ‘
1813 1009 2082 1072 Ducum
2129 1009 2458 1090 segnitia,⁵

255 359 530 423 mesa]
907 353 1437 406 msromanuu
1487 357 1633 406 ms.
1678 357 1760 408 ιι.

258 1191 428 1254 limis,
450 1209 553 1242 non
570 1195 621 1243 id
640 1196 788 1258 αἱμα
806 1195 1172 1260 commissuris,
1193 1195 1317 1274 quin
1340 1205 1598 1257 recentes,
1629 1198 1841 1262 integri,
1863 1206 1919 1249 et
1943 1198 2026 1248 vix
2049 1205 2274 1264 quatuor
2297 1200 2460 1249 millia

258 1271 497 1320 passuum
518 1260 733 1320 emensi,
766 1267 855 1308 aut
878 1259 1194 1309 inordinatos
1216 1275 1268 1308 in
1291 1261 1497 1322 itinere,
1526 1267 1617 1310 ant
1639 1263 1891 1324 palantes,
1928 1269 1984 1312 ct
2005 1271 2174 1313 castra
2196 1271 2456 1313 metantes

254 1321 601 1371 adorirentur.
672 1323 892 1372 'I'itiunas
911 1329 959 1372 et
982 1325 1225 1385 Proculas,
1256 1324 1337 1372 ubi
1539 1326 1613 1374 tia
1631 1325 1881 1385 inser-iores
1901 1332 2055 1392 auat,
2075 1331 2137 1377 ud
2157 1329 2254 1376 vini
2276 1334 2326 1376 et
2347 1344 2459 1378 uac-

252 1385 495 1435 toritatm
512 1387 809 1464 principatus
826 1387 1173 1449 confugiebant.
1242 1389 1311 1436 Et
1344 1393 1470 1437 certe
1501 1391 1746 1439 advolarat
1775 1391 1948 1454 pernix
1968 1405 2080 1454 equo
2113 1392 2328 1441 Numida
2347 1407 2458 1440 can

248 1448 471 1499 violentis
495 1451 661 1514 judu,
704 1451 869 1516 quit-u
914 1451 1059 1517 otho,
1100 1454 1315 1502 manto
1355 1453 1688 1503 cunctatione
1731 1455 1938 1517 ducum,
1979 1455 2148 1518 prelii
2189 1455 2454 1505 fortunam

1178 1603 1536 1624 “om-‘um

249 1697 365 1750 Jes.
392 1697 510 1746 XV.
531 1698 643 1748 inde
660 1699 973 1749 millium-4
1008 1700 1095 1750 Ita
1117 1701 1311 1766 optime
1337 1701 1633 1751 Rhenanus.
1685 1701 1858 1764 Vulgo
1877 1701 1932 1749 in
1955 1701 2084 1750 Man.
2107 1707 2164 1750 et
2185 1701 2454 1752 veteribus

249 1761 585 1838 editionibus,
600 1778 692 1812 m
710 1765 957 1815 antium,
1024 1766 1085 1815 ln
1110 1767 1212 1815 Ms.
1232 1765 1386 1815 Corb.
1408 1781 1501 1814 m
1523 1767 1766 1815 uanis-ari.
1800 1765 2126 1815 Brotier.·-—6
2162 1766 2266 1814 Ms.
2292 1765 2454 1814 Corb-

248 1829 472 1886 nume.

1244 1958 1456 2009 NOTAE

316 2083 339 2110 ·
372 2079 482 2128 Non
512 2078 795 2142 admissuro]
830 2079 963 2130 Eum
992 2093 1218 2130 errorem
1259 2082 1312 2130 in

250 2151 391 2202 bello
427 2168 531 2202 non
567 2155 862 2204 admissuris
900 2155 1151 2216 hostibus,
1187 2155 1313 2219 quin

252 2227 459 2292 integri,
482 2237 739 2292 recentes,
761 2239 819 2280 et
839 2229 1097 2293 expediti,
1129 2227 1313 2292 sessos,

248 2305 589 2368 inordinatos,
603 2314 660 2355 et
676 2307 967 2356 inconditos
982 2307 1313 2357 lacesserent.

315 2378 335 2413 ¹
364 2383 579 2438 Quotam·
598 2384 769 2447 millia]
805 2386 981 2434 Leuca
1000 2385 1067 2434 sit
1090 2384 1312 2435 Gallica.

314 2464 341 2500 τ
362 2458 669 2521 Progressus]
704 2459 911 2523 Nempe
933 2475 963 2510 e
988 2459 1092 2509 suis
1106 2459 1313 2520 castris,

250 2532 387 2585 unde
426 2536 671 2597 expeditus
710 2542 765 2585 et
808 2550 989 2585 recens
1030 2532 1313 2597 profectus,

248 2606 409 2659 fessos
466 2611 936 2675 incompositusque
988 2610 1311 2661 Othonianos

247 2686 638 2749 aggrederetur.

311 2759 335 2793 ¹¹
366 2761 643 2825 Disperm]
690 2763 859 2811 Erant
890 2758 1025 2811 enim
1058 2759 1310 2811 inconditi

248 2842 305 2887 et
346 2838 489 2886 velut
532 2838 699 2901 sparsi
733 2836 1044 2900 disjectique
1084 2836 1310 2897 manipu-

246 2912 399 2975 lares,
429 2926 527 2962 nec
550 2913 723 2962 statim
748 2912 845 2961 sub
876 2913 1035 2976 signis
1057 2920 1113 2960 et
1136 2911 1309 2972 armis,

244 2986 336 3051 qui
357 2996 530 3037 castra
551 2988 923 3038 moliebantur:
956 2988 1139 3038 armati
1160 2994 1307 3037 certe

242 3060 533 3123 fodiebant,
570 3064 662 3112 sed
702 3071 901 3113 tautum
934 3064 1107 3127 gladio
1140 3069 1196 3112 et
1219 3077 1308 3126 pu-

218 3136 395 3202 'gione
418 3138 659 3197 accincti,
680 3152 779 3187 non
798 3138 986 3187 ceteris
1006 3138 1305 3201 armis,quae

240 3210 411 3261 labori
435 3211 785 3263 obstitissent:
823 3228 919 3261 nec
952 3212 1120 3277 sparsi
1152 3213 1305 3261 variis

238 3286 399 3335 locis:
420 3286 492 3336 sic
506 3286 681 3337 statim
694 3287 1109 3353 imperia-ducum
1126 3287 1305 3337 audire

242 3368 301 3411 et
349 3362 607 3427 accipere,
638 3371 730 3412 aut
769 3362 824 3411 in
858 3363 1023 3413 aciem
1064 3364 1305 3415 assistere

242 3436 555 3502 potuissent.

304 3512 321 3547 ¹
358 3514 452 3563 Ubi
473 3514 699 3577 consiliis]
730 3516 1021 3579 Utrumque
1053 3511 1189 3563 forte
1213 3528 1304 3577 op-

242 3590 527 3654 ponebant,
560 3596 617 3639 et
647 3590 795 3653 jussa
830 3588 1053 3639 Othonis
1090 3599 1146 3640 et
1180 3606 1300 3639 sua:

239 3666 333 3715 sed
378 3673 548 3715 tamen
592 3664 989 3727 praetendebant
1043 3664 1304 3729 praecipue

240 3740 482 3790 mandata
505 3741 740 3790 Othonis.
803 3742 818 3766 ‘
842 3741 1044 3791 Aderat
1064 3756 1187 3791 saue
1212 3777 1223 3791 .
1250 3775 1264 3791 .
1286 3777 1301 3792 .

240 3816 469 3868 Numida
490 3832 606 3865 cum
632 3817 895 3867 atrocibus
916 3816 1208 3867 mandatis!

301 3890 320 3936 i
356 3894 430 3941 Ad
456 3892 543 3952 jus
582 3892 793 3955 imperii]
852 3892 985 3941 Nam
1023 3894 1037 3921 ‘
1063 3891 1299 3955 profecto

238 3968 525 4019 Brixellum
553 3968 777 4030 Othone,
800 3966 962 4017 bonor
985 3967 1189 4031 imperii
1212 3984 1299 4031 pe-

240 4060 331 4095 nes
353 4046 619 4097 Titianum
636 4044 877 4109 fratrem,
898 4045 975 4096 vis
994 4054 1049 4097 et
1070 4052 1299 4110 potestas

241 4134 399 4185 penes
422 4120 741 4172 Proculum!

1456 2066 1626 2128 Adju
1638 2067 1850 2132 imperii]
1877 2065 1958 2117 Ad
1975 2067 2078 2118 vim
2091 2067 2456 2120 dominationis

1391 2143 1747 2204 recurrebant,
1791 2157 1956 2208 eaque
2001 2145 2113 2193 sola
2153 2145 2456 2196 nitebantur

1392 2231 1637 2280 adversus
1658 2231 1869 2294 egregia
1888 2232 2134 2280 consiliu:
2165 2231 2234 2280 sit
2255 2245 2346 2294 pro
2375 2247 2456 2282 ru-

1388 2305 1516 2354 tinae
1533 2307 1764 2355 voluntas.

1457 2379 1482 2413 ¹¹
1517 2382 1658 2431 Citius
1677 2398 1791 2445 equo
1815 2382 2052 2446 Numida]
2085 2384 2214 2435 Quis
2235 2383 2318 2434 hic
2341 2386 2454 2435 Nu—

1392 2457 1563 2507 mida?
1598 2474 1718 2509 num
1751 2460 1890 2510 inter
1919 2460 2114 2510 auxilia
2136 2460 2358 2511 Othonis
2391 2478 2458 2511 ea

1392 2534 1552 2596 gens?
1591 2534 1828 2597 Minime,
1869 2533 1962 2583 sed
2007 2534 2145 2585 inter
2185 2535 2454 2600 obsequia.

1394 2610 1482 2659 Ne
1504 2608 1671 2673 fugiat
1692 2610 1827 2659 enim
1865 2617 1918 2659 te
1941 2610 2104 2659 latens
2124 2610 2208 2661 hic
2230 2625 2298 2659 ex
2320 2612 2454 2661 anti-

1394 2699 1496 2749 quo
1517 2699 1658 2745 mos3
1693 2700 1793 2747 quo
1815 2691 2105 2748 receptum,
2121 2692 2182 2733 ut
2202 2686 2324 2735 viris
2347 2688 2456 2736 lau-

1393 2760 1512 2809 tiori
1518 2759 1610 2809 bus
1622 2759 1927 2822 ditioribusq
1933 2773 1997 2808 ue
2003 2758 2122 2817 Afri
2133 2766 2224 2807 aut
2233 2761 2456 2811 Numida

1390 2837 1594 2900 equites
1615 2842 1787 2885 essent
1808 2834 1873 2883 ad
1896 2834 2026 2883 iter:
2061 2835 2456 2897 praecurrebant

1389 2911 1488 2973 illi,
1497 2918 1554 2961 et
1565 2926 1746 2976 agmen
1759 2908 2026 2959 ducebant
2040 2910 2153 2958 heri
2167 2925 2256 2974 seq
2263 2912 2452 2963 uentis.

1455 2989 1653 3037 Seneca
1665 2985 1820 3050 epist.
1836 2989 1918 3035 88.
1939 2985 1955 3011 ‘
1972 2982 2020 3033 Ο
2039 2999 2190 3049 quam
2205 3000 2451 3049 cuperem

1390 3061 1577 3111 Catoni
1592 3076 1729 3112 nunc
1747 3074 2020 3110 occurrere
2037 3060 2260 3124 aliquem
2283 3076 2350 3111 ex
2369 3062 2452 3113 liis

1388 3136 1624 3185 trossulis
1653 3135 1706 3185 in
1733 3136 1814 3185 via
1844 3134 2106 3193 divitibus,
2137 3148 2371 3185 cursores
2394 3145 2452 3189 et

1390 3212 1644 3263 Numidas
1669 3220 1724 3260 et
1745 3212 1964 3261 multum
1985 3216 2108 3261 ante
2142 3225 2198 3259 se
2224 3212 2450 3274 pulveris

1387 3295 1630 3352 agentem
1641 3286 1674 3335 !’
1707 3288 1855 3337 Idem
1872 3284 2161 3350 expressius
2177 3286 2328 3348 epist.
2339 3290 2450 3340 124.

1386 3368 1401 3393 ‘
1428 3365 1628 3415 Omnes
1669 3364 1744 3414 sic
1776 3364 1888 3427 jam
1931 3362 2348 3426 peregrinantur,
2389 3372 2454 3413 ut

1384 3440 1502 3489 illos
1542 3438 1882 3490 Numidarum
1929 3444 2213 3501 praecurrat
2255 3438 2452 3501 equita-

1385 3525 1491 3579 tus,
1523 3522 1583 3565 ut
1620 3528 1802 3579 agmen
1825 3527 2090 3563 cursorum
2126 3513 2448 3564 antecedat-³

1383 3591 1597 3640 Sueten.
1613 3592 1678 3639 de
1696 3590 1904 3639 Nerone
1923 3604 1968 3639 c.
1984 3592 2065 3638 80.
2099 3588 2116 3615 ‘
2129 3589 2244 3638 Iter
2260 3588 2448 3641 secisse

1383 3666 1607 3717 traditur
1629 3668 1894 3730 phalerata
1909 3680 2026 3715 cum
2045 3666 2316 3715 Mazacum
2341 3672 2450 3715 tur·

1384 3741 1454 3790 ba
1489 3747 1644 3805 atque
1681 3755 1944 3791 cursorum
1965 3740 1996 3789 :'
2050 3751 2168 3789 nam
2211 3740 2450 3804 Mazaca,

1382 3815 1519 3865 Afri.
1553 3818 1758 3879 Lipsius.

1449 3893 1685 3956 Numida]
1713 3890 1961 3943 Numidia
1973 3889 2238 3955 provincia
2250 3888 2447 3941 Afric·

1378 3968 1606 4032 minoris,
1620 3969 1714 4017 sub
1733 3966 2000 4017 Romanis:
2039 3965 2192 4015 bodie
2214 3967 2444 4015 Constan-

1378 4042 1483 4092 tina
1522 4044 1788 4107 provincia
1821 4042 1966 4109 regui
2003 4042 2188 4106 Alget,
2224 4041 2278 4089 in
2313 4042 2446 4091 Bar-

1382 4116 1542 4169 baria.
1581 4118 1761 4169 Tium
