2893 4742
482 374 657 442 2558
1190 392 1257 441 c.
1306 391 1672 440 com-mm
1719 391 1976 442 ‘rscrn
2375 395 2480 460 [Α.
2510 397 2584 446 u.
2609 401 2726 447 sn.

488 509 649 574 Non
676 507 1041 573 discessere
1070 509 1161 572 ab
1184 509 1385 572 armis
1412 509 1486 572 in
1513 509 1908 575 Pharsalia·
1939 530 2022 576 ac
2055 511 2426 596 Philippis*
2453 511 2728 577 civium

484 611 781 692 legiones
800 617 857 674 :⁰
926 611 1205 674 nedum?
1252 609 1540 674 Othonis
1593 619 1710 675 ac³
1757 610 2016 676 Vitellii
2073 613 2418 678 exercims
2473 623 2730 696 sponte

484 775 609 824 eius
626 775 679 824 in
714 774 965 826 Pho-ulia
982 791 1037 825 ec
1056 775 1299 842 Philippis
1308 792 1330 834 ,·
1359 781 1550 826 tuntum
1569 776 1720 840 aba,
1745 782 1800 827 ut
1823 779 2029 840 leg-iones
2051 777 2256 830 Οιῶοιιίι
2277 794 2335 828 ec
2367 777 2578 828 Vitellis·
2599 779 2732 826 ultro

1412 918 1770 940 “mOONOOO
2855 859 2874 1120 1

994 1021 1025 1070 8
1063 1017 1291 1082 Ryckius
1309 1034 1339 1069 e
1364 1019 1470 1070 Hs.
1493 1020 1626 1084 Agr.
1653 1019 1856 1071 otho-i·
1879 1025 1966 1070 out
1993 1021 2199 1072 vitenti.

484 1337 585 1388 qne
618 1336 733 1372 curn
767 1321 880 1371 aliis
912 1321 979 1372 ad
1022 1329 1228 1387 portum
1266 1322 1554 1386 Cratippus
1635 1317 1797 1369 veluti
1831 1319 2068 1383 puerilia.
2135 1319 2208 1370 Et
2237 1325 2408 1380 erant,
2449 1323 2516 1368 ut
2539 1318 2628 1368 ita
2649 1319 2727 1368 di-

486 1399 835 1463 philosophus,
870 1405 980 1449 tuin
1014 1399 1081 1448 ad
1120 1413 1239 1448 euin
1276 1411 1552 1448 conversus

486 1474 785 1538 Pompeius,
821 1475 1035 1537 culpare
1074 1473 1233 1538 coepit
1272 1473 1554 1537 providen-

488 1551 629 1612 tiam,
649 1549 969 1599 concedente
999 1550 1251 1614 Cratippo
1288 1564 1349 1599 ac
1370 1563 1552 1598 conso-

486 1626 629 1674 lante
682 1626 871 1690 quique
916 1639 1051 1684 eum,
1088 1631 1145 1674 et
1182 1625 1246 1674 ad
1284 1625 1552 1673 meliorem

486 1715 632 1764 spen
656 1701 943 1762 excitabat,
980 1715 1047 1750 ne
1082 1700 1183 1764 ipsi
1222 1701 1275 1750 in
1300 1701 1393 1750 tali
1424 1707 1554 1750 tem-

484 1791 611 1842 pore
646 1780 893 1828 molestus
916 1785 1070 1843 esset,
1104 1784 1158 1827 et
1182 1792 1247 1826 ne
1270 1777 1554 1841 intempes-

484 1857 593 1907 tive
616 1857 866 1908 insultare
889 1854 1083 1906 afflicto
1105 1856 1389 1906 videretur.

550 1932 655 1983 Sed
690 1939 961 1998 postquam
984 1932 1360 1996 interrogasset
1398 1931 1554 1980 Pom·

486 2009 664 2074 peium
703 2008 771 2058 de
806 2007 1154 2072 providentia,
1186 2007 1299 2070 ipse
1324 2020 1446 2056 vero
1479 2021 1554 2055 re-

484 2084 802 2149 spondisset,
819 2083 939 2136 Jam
965 2082 1185 2147 Reipub.
1208 2082 1552 2131 necessarium

486 2175 600 2212 esse
624 2161 989 2226 principatum,
1010 2158 1077 2209 ob
1096 2159 1552 2222 intemperantiam

486 2237 919 2300 magistratuum:
970 2241 1079 2284 tum
1118 2248 1299 2297 rogare
1345 2233 1550 2296 Cratip-

486 2325 617 2374 pus;
649 2309 754 2359 Sed
780 2316 859 2370 tu,
893 2323 924 2357 o
964 2308 1203 2370 Pompei,
1234 2323 1454 2373 quonam
1477 2323 1554 2358 ar-

486 2392 733 2448 gumento
795 2385 945 2435 nobis
999 2384 1207 2433 firmare
1254 2385 1441 2447 possis,
1497 2391 1552 2434 te

488 2461 672 2511 melius
692 2474 901 2511 usurum
918 2458 1079 2508 fuisse
1101 2458 1325 2521 fortuna,
1346 2461 1390 2509 si
1408 2462 1554 2509 vicis·

485 2550 589 2599 ses,
612 2550 765 2600 quam
783 2536 1075 2585 cesarem?
1109 2536 1267 2585 Certe
1294 2551 1407 2598 quae
1431 2542 1554 2585 sunt

484 2612 539 2661 in
575 2618 841 2675 potestate
868 2609 1144 2659 Numinum
1178 2610 1287 2657 baec
1324 2610 1553 2675 ipsorum

486 2688 705 2738 arbitrio
744 2686 1085 2749 relinquenda
1116 2692 1253 2745 sunt,
1294 2701 1390 2735 nec
1416 2688 1554 2736 ultra

482 2761 863 2829 inquirendum.
918 2760 1002 2812 Sic
1020 2758 1132 2810 fere
1152 2760 1293 2809 Plut.
1320 2762 1372 2809 in
1400 2762 1554 2810 Pom-

528 2852 627 2889 eno.

485 2854 525 2905 p
547 2912 573 2947 Β
608 2913 718 2963 Nisi
740 2914 797 2962 de
820 2910 1131 2975 Principale]
1167 2911 1302 2961 Post
1327 2912 1552 2961 Marium

486 2999 541 3043 et
563 2992 777 3055 Syllam,
815 2995 935 3053 post
965 2988 1273 3053 Pompeium
1296 2995 1349 3037 et
1381 2989 1552 3038 Coesa-

486 3086 617 3131 rem,
643 3070 753 3133 jam
778 3070 917 3118 inter
938 3069 1100 3129 cives,
1120 3072 1549 3131 nunquumposteo,

378 3140 385 3151 ’
482 3147 579 3197 nisi
611 3148 671 3194 de
698 3146 972 3208 principatu
1014 3151 1270 3195 certatum
1291 3152 1406 3207 est3
1434 3146 1550 3208 jam

484 3238 587 3274 non
610 3221 886 3271 certabant
906 3233 998 3269 suo
1022 3220 1208 3283 ordini,
1236 3234 1301 3268 an
1339 3228 1549 3269 senatus

484 3300 719 3349 vinceret
752 3296 974 3360 plebem,
1011 3310 1075 3344 an
1110 3294 1258 3359 plebs
1292 3302 1548 3359 senatum,

486 3382 547 3425 ut
566 3374 787 3424 baberet
808 3372 903 3421 sibi
926 3372 1145 3421 bonores
1166 3385 1228 3421 ac
1252 3370 1551 3434 dignitates,

484 3450 574 3500 sed
598 3449 663 3498 de
688 3449 999 3513 principatu.

548 3524 666 3579 Jam
690 3524 788 3573 sibi
818 3523 1097 3573 vincebant
1133 3522 1411 3585 principes,
1434 3523 1550 3587 jam

486 3600 575 3650 uni
593 3598 887 3658 vincebant,
904 3613 1005 3647 non
1025 3598 1214 3661 ordini,
1229 3612 1327 3647 non
1348 3599 1550 3661 reipub.

484 3678 625 3727 cives
649 3675 761 3739 jam
785 3672 1082 3723 de'domino
1123 3680 1179 3723 et
1216 3673 1284 3722 de
1322 3672 1550 3723 domina-

484 3756 627 3805 tione
648 3752 943 3812 certabant,
962 3750 1136 3799 victam
1151 3750 1299 3799 armis
1313 3751 1548 3813 rempub.

484 3846 546 3882 ac
585 3831 851 3883 liber-tatem
894 3829 946 3879 in
978 3828 1340 3878 dominationem
1379 3833 1549 3876 verte-

486 3906 644 3957 bant:
670 3906 779 3970 jam
804 3920 922 3955 cum
943 3919 1098 3968 opum
1119 3912 1174 3953 et
1198 3902 1385 3966 imperii
1416 3917 1551 3964 mug-

482 3984 697 4035 titudine
729 3983 1030 4033 adoleverat
1051 3980 1281 4044 ambitio,
1303 3985 1359 4028 et
1382 3992 1445 4028 eo
1471 3993 1552 4028 us·

486 4076 589 4126 que
612 4051 875 4125 eruperat.

550 4138 845 4188 Cei-tamine
864 4138 1055 4188 veteris
1076 4135 1253 4200 populi
1272 4135 1419 4184 Rom.
1440 4140 1553 4184 tan-

488 4220 596 4264 turn
646 4214 900 4280 preludia
938 4226 1108 4279 erant,
1164 4220 1221 4263 et
1260 4215 1552 4263 tentamento

1633 1410 1766 1456 cam,
1803 1395 2118 1446 incunabula
2149 1396 2444 1460 ingentium
2485 1395 2724 1446 bellan·

1632 1471 1858 1534 civilium,
1877 1487 1994 1535 quae
2020 1478 2207 1536 postea
2227 1471 2477 1521 vidimus.

1699 1545 1712 1580 ¹
1745 1547 2034 1612 Quaesitum]
2070 1547 2360 1608 Certatum,
2391 1561 2506 1596 non
2529 1545 2608 1596 de
2632 1561 2722 1610 pa-

1634 1639 1717 1688 ce,
1737 1639 1840 1674 nou
1862 1625 1929 1674 de
1952 1623 2231 1674 concordia
2247 1622 2474 1686 partium
2503 1623 2720 1684 reipub.

1633 1715 1736 1750 non
1773 1699 1838 1750 de
1874 1699 2124 1749 libertate
2155 1700 2288 1763 jam,
2331 1707 2425 1748 aut
2467 1697 2538 1747 de
2579 1697 2720 1747 bono

1635 1775 1862 1841 publico,
1905 1776 1996 1824 sed
2037 1779 2154 1839 quis
2201 1775 2508 1838 imperaret,
2553 1775 2718 1824 arnis

1635 1853 1923 1916 qnaesitum.
2007 1851 2183 1912 Caede,
2228 1851 2402 1910 armis,
2449 1857 2511 1900 et
2545 1851 2718 1900 multe

1635 1941 1818 1978 cruore
1840 1926 2027 1978 civium
2051 1927 2310 1977 dominnm
2355 1927 2462 1992 sibi
2503 1941 2718 1989 compa·

1633 2004 1837 2066 rabant,
1888 2005 2096 2067 suisque
2134 2003 2424 2052 cervicibus
2473 2003 2718 2066 impone-

1633 2080 1777 2129 bant.
1863 2079 2036 2129 Aliter
2080 2094 2184 2128 non
2229 2079 2432 2143 potuit;
2483 2077 2716 2138 interf-it

1625 2157 1761 2219 pacis
1783 2171 1936 2204 unum
1967 2156 2243 2219 imperare.

1697 2237 1734 2264 ¹¹¹
1769 2233 1830 2282 In
1869 2231 2144 2294 Pharsalia]
2213 2232 2274 2280 ln
2311 2230 2618 2294 Pharsalia,
2659 2239 2714 2281 et

1633 2307 1770 2370 apud
1791 2307 2060 2373 Philippos
2083 2308 2220 2356 inter
2236 2306 2396 2356 bonos
2417 2315 2712 2371 pugnaturn

1633 2384 1699 2433 de
1722 2385 1906 2448 repub.
1931 2385 1998 2434 de
2020 2386 2282 2445 libertate,
2311 2390 2368 2433 et
2389 2390 2505 2434 tum
2531 2393 2712 2434 tamen

1633 2459 1698 2509 ab
1745 2460 1900 2509 armis
1935 2475 2036 2509 non
2072 2460 2379 2511 discessere.
2447 2460 2529 2511 At
2565 2474 2710 2511 nunc

1632 2551 1749 2586 cum
1773 2536 1913 2586 inter
1941 2536 2102 2586 malos
2121 2544 2178 2587 et
2199 2538 2487 2585 scelerosos
2513 2550 2712 2600 pugna-

1635 2619 1721 2661 tur
1755 2611 1822 2661 de
1851 2612 2164 2677 principatu,
2199 2618 2402 2661 tantum
2435 2610 2613 2671 abest.
2649 2620 2712 2663 ut

1633 2688 1720 2739 isti
1752 2688 1820 2739 ab
1841 2688 1995 2737 armis
2019 2688 2306 2738 discedant.
2371 2688 2508 2738 Cum
2547 2690 2712 2739 etiam

1630 2764 1752 2815 boni
1777 2765 1842 2815 ab
1865 2764 2022 2813 armis
2051 2764 2288 2813 civilibus
2325 2778 2430 2813 non
2453 2764 2710 2816 discesse-

1632 2841 1756 2903 rint,
1785 2854 1816 2889 a
1837 2838 2042 2889 fortiori
2065 2854 2163 2890 nec
2185 2840 2464 2889 discessuri
2489 2838 2710 2893 fuerunt

1633 2915 1776 2965 Otho
1801 2930 1861 2965 ac
1879 2915 2121 2965 Vitellius
2144 2930 2159 2976 ς
2193 2912 2478 2979 eademque
2509 2929 2606 2965 eos
2631 2931 2712 2967 ra·

1635 2990 1762 3055 bies,
1798 2992 1996 3041 eaedem
2029 3006 2118 3041 eos
2151 2991 2404 3040 scelerum
2439 3004 2621 3041 cause
2653 2992 2708 3042 in

1629 3068 1806 3117 civilia
1825 3068 1962 3118 bella
1983 3074 2272 3118 traxerunt.

1695 3150 1720 3176 ¹¹
1753 3144 1826 3193 Ao
1853 3142 2112 3206 Philippis]
2145 3142 2346 3195 Quibus
2367 3142 2568 3205 campis
2595 3156 2710 3193 cer-

1628 3219 1811 3271 tabant
1835 3226 2008 3270 tamen
2030 3220 2214 3283 optimi
2242 3224 2298 3268 et
2321 3218 2490 3269 ultimi
2514 3218 2711 3269 Roma.

1629 3310 1814 3347 norum
1835 3297 2028 3347 Brutus
2055 3304 2113 3345 et
2135 3296 2342 3346 Cassius
2362 3312 2376 3355 ;
2409 3309 2636 3359 quorum
2655 3296 2708 3345 in

1629 3372 1816 3422 castris
1849 3380 1905 3423 et
1929 3372 2112 3435 optimi
2135 3372 2325 3420 civium
2344 3372 2409 3419 de
2439 3373 2630 3433 repub.
2650 3380 2710 3422 et

1629 3448 1876 3498 libertate
1912 3448 2185 3499 asserenda
2221 3447 2496 3497 adversum
2541 3462 2706 3497 novos

1631 3522 1866 3573 dominos
1913 3523 2336 3573 contendebant:
2401 3522 2488 3569 his
2545 3522 2704 3573 victis

1631 3598 1840 3649 tandem
1875 3600 2016 3649 victa
2045 3598 2281 3661 libertas,
2318 3598 2586 3647 exstincta
2625 3606 2706 3648 est

1630 3674 1942 3739 respublica.

1693 3760 1718 3786 ⁰
1753 3752 1941 3801 Citium
1961 3751 2188 3814 legiones]
2237 3751 2322 3800 Sic
2355 3746 2567 3799 videtur
2601 3748 2706 3798 dis-

1630 3828 1868 3891 tinguere
1889 3826 2116 3886 Tacitus,
2148 3826 2287 3874 inter
2309 3824 2560 3887 legiones,
2583 3839 2702 3889 qun

1629 3903 1948 3954 Pharsalicis
2023 3902 2440 3966 Philippicisque
2497 3900 2702 3964 campis

1632 3981 1772 4029 inter
1791 3995 1848 4030 se
1869 3986 2159 4041 certarunt,
2194 3978 2340 4043 quasi
2365 3983 2476 4027 tum
2502 3984 2704 4041 tempo-

1633 4055 1703 4104 ris
1729 4054 1894 4105 adhuc
1917 4055 2056 4104 cives
2084 4052 2234 4102 Rom.
2260 4067 2356 4116 pro
2377 4051 2564 4114 repub.
2588 4066 2700 4101 cer·

1631 4137 1822 4195 tarent,
1836 4138 1892 4179 et
1909 4128 2288 4181 innocentiores
2304 4128 2474 4178 adbuc
2491 4132 2698 4187 essent;

1629 4215 1686 4259 et
1708 4208 1844 4259 inter
1863 4206 2088 4257 Othonis
2109 4220 2173 4256 ac
2193 4202 2396 4256 Vitellii
2417 4202 2698 4266 exercitus,

1491 1181 1706 1234 »ποτε
2863 1144 2874 1402 Ι

2869 1421 2873 1476 4
