2893 4742
482 349 657 416 2556

456 497 822 572 'bellot-um.
913 503 1084 571 Mox
1135 513 1199 569 e²
1250 507 1443 589 plebe
1489 503 1714 570 infima
1749 497 1838 568 C.
1887 501 2198 582 MariuS,¹‘
2251 509 2321 568 et
2367 505 2744 568 nobilium

484 609 899 672 saevissimus
948 608 1029 672 L.
1062 603 1289 692 Sylla)
1336 608 1582 670 victam
1630 605 1831 669 armis
1873 606 2238 669 libertatem
2269 606 2340 668 in
2391 607 2746 670 domina-

483 709 725 772 tionem
764 715 1127 774 verterunt.
1218 707 1389 771 Post
1418 727 1586 790 quos
1631 706 1748 772 Cn.
1783 705 2145 790 Pompeius
2177 709 2544 786 occultior,
2597 727 2744 770 non

486 807 758 876 melior)
802 811 889 876 Et
915 830 1251 894 nunquam
1282 817 1546 892 postea,
1577 809 1706 871 nisi
1739 807 1824 871 de
1859 806 2279 892 Principatu⁸
2299 805 2744 893 quaesitum.¹

1174 364 1240 412 G.
1289 359 1655 410 CORNELII
1703 362 1961 410 TACITI
2368 367 2474 432 [A.
2506 367 2590 418 U.
2615 371 2744 418 822.

486 997 589 1042 ute
608 991 785 1052 nefor-0
804 993 913 1041 visu
928 992 1223 1042 imitamenta
1238 991 1452 1040 civilium
1473 1005 1726 1040 armorum.
1793 991 1924 1040 Dein
1948 1004 1975 1039 e
1991 990 2122 1038 tenui
2139 989 2378 1052 plebecula
2401 990 2463 1037 C.
2491 988 2736 1048 Mnus,

486 1061 533 1106 et
552 1057 829 1119 optimatum
850 1057 1215 1106 immanis-mm
1236 1056 1295 1106 L.
1320 1056 1460 1119 Syllo
1477 1059 1748 1131 superatam
1767 1053 1886 1103 bello
1909 1055 2074 1118 Remp.
2097 1056 2150 1103 in
2171 1069 2370 1116 reginu-
2391 1068 2492 1104 seu
2521 1054 2736 1129 prinei-

486 1127 665 1184 putum
686 1127 951 1171 murmur.
1018 1123 1137 1170 Post
1156 1122 1263 1168 illos
1284 1123 1375 1170 Cn.
1408 1121 1526 1170 Pom
1603 1134 1658 1168 us
1678 1120 2002 1168 dissimulandi
2029 1119 2246 1182 peritior,
2277 1134 2367 1167 m
2385 1119 2732 1169 mooe-fler.

488 1185 563 1234 Es
588 1199 823 1248 nunqurun
854 1190 1021 1249 postea
1038 1190 1290 1246 certatum,
1324 1185 1421 1234 uisi
1440 1187 1500 1234 de
1550 1185 1742 1248 mperio.
1809 1184 1924 1234 Non
1943 1185 2191 1246 deportem
2211 1199 2344 1232 arm
2362 1184 2564 1232 eiciunt
2587 1197 2736 1231 eter-

1404 1315 1759 1335 OOOOWONO

488 1394 689 1444 amulae
711 1392 877 1456 fuere,
910 1401 969 1445 ut
1004 1395 1296 1459 Curtbngog
1330 1401 1386 1444 et
1428 1395 1621 1458 Reges,
1655 1401 1716 1442 ut
1740 1392 2094 1444 Macedonici.
2129 1393 2321 1441 Erunt.
2323 1395 2425 1439 —2
2459 1389 2558 1440 Sic
2581 1390 2726 1439 bene

488 1431 971 1588 ἷῧξέιιεέῐῖἳξὲἶεε
1002 1467 1061 1510 et
1100 1461 1430 1511 recentiores.
1499 1461 1564 1510 In
1598 1457 1782 1508 mediis
1816 1457 2123 1524 quibusdam
2145 1456 2482 1518 editionibus,
2519 1471 2556 1503 a
2573 1456 2720 1518 plebe

1485 1649 1700 1702 NOTAE

492 1783 646 1836 quum
668 1768 859 1834 praeliis
878 1770 1037 1820 occisi
1058 1769 1271 1823 fuerint.

556 1844 581 1878 Ι·
614 1845 663 1894 Ε
692 1845 829 1910 plebe
856 1846 1023 1913 infimo
1060 1849 1118 1897 C.
1144 1847 1359 1912 Marius]
1403 1847 1553 1899 Atte-

490 1935 609 1971 men
631 1921 914 1971 secundum
948 1922 1096 1984 alios,
1120 1925 1349 1987 equestri
1369 1923 1553 1973 nobili-

493 2002 602 2047 tate
626 1995 729 2045 fuit
764 1997 993 2046 Marius.
1028 1999 1117 2047 sed
1158 2013 1221 2049 eo
1246 2014 1358 2049 aevo
1394 2012 1552 2062 expe-

491 2071 801 2123 ditissimum
826 2073 927 2122 iter
952 2073 1015 2122 ad
1042 2073 1351 2124 obtinendas
1376 2074 1553 2140 populi

491 2149 642 2200 Rom.
672 2149 955 2213 dignitates
976 2147 1094 2213 fuit,
1130 2151 1175 2200 si
1197 2151 1311 2215 quis
1334 2165 1389 2200 se
1413 2149 1555 2214 plebi

488 2223 678 2275 inflmae
703 2225 974 2290 insereret,
995 2241 1157 2290 seque
1178 2241 1318 2276 ειη-ω
1342 2227 1555 2291 popule-

490 2301 537 2350 ri
560 2301 909 2364 permitteret.

553 2375 568 2409 ¹
592 2376 834 2425 Nobilium
850 2376 1131 2425 scer-issimus
1152 2376 1212 2425 L.
1237 2376 1395 2441 Sylla]
1419 2378 1557 2430 Quia

490 2464 697 2514 nempe,
744 2456 881 2500 teste
924 2451 1061 2501 Ptin.
1106 2451 1173 2501 de
1196 2452 1309 2501 Vir.
1346 2452 1432 2506 ΙΙΙ.
1470 2458 1555 2503 76.

491 2530 507 2555 ‘
534 2524 937 2588 Proscriptionis
975 2527 1175 2575 tabulas
1213 2528 1409 2592 primus
1442 2544 1558 2593 pro·

491 2600 685 2665 posuit.
752 2600 953 2651 Novem
978 2601 1141 2651 millis
1177 2602 1472 2654 deditorum
1501 2606 1555 2653 in

494 2676 617 2727 villa
640 2676 851 2740 publica
872 2676 1100 2727 cecidit!

556 2753 827 2817 Nobilium]
874 2754 1075 2804 Quibus
1116 2755 1335 2818 opponit
1373 2754 1556 2820 plebem

488 2830 721 2899 infimam,
759 2846 825 2880 ex
863 2845 967 2895 qua
1005 2831 1238 2893 Marins;
1272 2846 1388 2881 cum
1412 2832 1558 2897 Sylla

491 2906 652 2956 nobili
679 2908 845 2969 stirpe
870 2912 1034 2971 ortus,
1056 2907 1305 2971 patricius
1328 2914 1384 2958 et
1407 2922 1558 2958 senu-

458 3028 462 3035 .
492 2981 613 3031 torii
631 2981 821 3029 ordinis
846 2988 1003 3030 esset.

552 3054 571 3099 «1
600 3058 1023 3120 Ρωπρείιω....ιιοπ
1044 3058 1232 3122 melior]
1286 3058 1477 3108 Parem
1501 3066 1557 3109 et

491 3130 621 3185 fucit
656 3133 908 3195 Pompeio
955 3132 1212 3183 Caesarem
1252 3134 1455 3185 Seneca
1490 3136 1554 3185 de

492 3208 775 3259 Beneficiis
797 3223 850 3259 v.
872 3214 953 3258 m.
976 3211 992 3237 ⁸
1015 3209 1258 3273 Ingratus
1282 3213 1379 3263 Cn.
1402 3214 1557 3263 Pom-

493 3285 673 3349 peius:
710 3286 798 3349 qui
829 3301 924 3349 pro
967 3286 1133 3334 tribus
1178 3287 1554 3350 consulatibus,

492 3376 589 3425 pro
614 3361 885 3425 triumphis
911 3361 1095 3423 tribus,
1133 3377 1225 3425 pro
1251 3370 1331 3413 tot
1360 3364 1560 3413 bonori-

494 3436 609 3499 bus,
634 3451 759 3501 quos
795 3453 861 3487 ex
884 3438 1109 3486 maxima
1146 3445 1293 3501 parte
1321 3439 1558 3490 immatu-

490 3526 577 3561 rus
622 3513 899 3573 invaserat,
942 3512 1074 3562 hanc
1127 3516 1347 3578 gratiam
1403 3516 1574 3579 Reip.-

492 3586 739 3649 reddidit,
757 3589 882 3637 utin
905 3590 1278 3652 possessionem
1298 3592 1406 3655 ejus
1427 3593 1556 3641 alios

490 3679 695 3729 quoque
710 3664 997 3724 induceret,
1019 3667 1165 3729 quusi
1183 3670 1433 3729 potentia>
1449 3683 1555 3717 snae

493 3740 823 3790 detracturus
867 3740 1131 3799 invidiam,
1168 3745 1212 3791 si
1247 3743 1383 3807 quod
1429 3745 1558 3793 nulli

488 3816 647 3866 licere
704 3816 947 3879 debebat,
1012 3818 1244 3881 pluribus
1296 3822 1556 3871 licuisset:

491 3890 615 3941 dum
658 3893 1070 3942 extraordinaria
1108 3896 1431 3959 concupiscit
1465 3896 1557 3945 irn-

491 3965 682 4031 peria:
744 3968 866 4016 dum
923 3968 1236 4032 provincias,
1280 3980 1338 4019 ut
1383 3972 1562 4033 eligat,

496 4040 761 4090 distribuit
782 4060 793 4091 :
813 4044 931 4091 dum
949 4046 1022 4093 ita
1043 4046 1319 4095 triumviris
1334 4046 1400 4095 R.
1420 4049 1482 4097 Ρ.
1499 4048 1564 4097 C.

494 4113 704 4179 dividit,
745 4126 805 4167 ut
841 4127 1013 4169 tamen
1048 4121 1103 4169 in
1125 4136 1218 4169 sua
1250 4122 1403 4173 domo
1446 4122 1563 4173 due.

496 4197 673 4257 partes
693 4200 885 4258 essent,
906 4210 969 4245 eo
998 4195 1203 4260 redegit
1224 4198 1474 4261 populum
1497 4198 1561 4250 R.

1633 1777 1694 1821 ut
1723 1772 1894 1822 salvus
1917 1785 2029 1820 esse
2052 1783 2154 1821 non
2177 1774 2369 1833 posset,
2391 1769 2494 1818 nisi
2520 1767 2720 1818 benefi-

1632 1847 1716 1897 cio
1732 1847 2010 1898 servitutis.
2060 1846 2302 1910 Ingratus
2325 1846 2438 1908 ipse
2465 1845 2720 1908 Pompeii

1633 1921 1814 1984 hostis,
1847 1937 1910 1972 ac
1933 1923 2123 1982 vietor,
2155 1919 2388 1987 (Caesar)
2411 1922 2506 1984 qui
2531 1937 2564 1970 a
2587 1922 2721 1971 Gai-

1632 1998 1703 2046 lia
1749 1999 2130 2062 Germaniaque
2177 1998 2368 2048 bellum
2415 1999 2472 2046 in
2526 1998 2717 2046 urbem

1636 2073 1958 2138 circumegit,
2016 2080 2073 2123 et
2119 2071 2207 2122 ine
2266 2073 2554 2136 plebicola,
2627 2073 2718 2122 ilie

1635 2149 1920 2213 popularis,
1955 2157 2128 2198 castra
2165 2147 2218 2196 in
2258 2149 2411 2198 Circo
2446 2148 2716 2198 Flaminio

1637 2226 1826 2288 posuit,
1871 2223 2083 2288 propius
2107 2238 2259 2288 quam
2293 2225 2580 2274 Per-senna
2603 2223 2716 2274 fue·

1636 2307 1772 2348 rant.
1837 2299 1966 2348 Tem
1973 2299 2176 2362 peravit
2196 2297 2400 2362 quidem
2413 2299 2508 2362 jus
2527 2299 2714 2348 crude·

1637 2378 1942 2441 litatemque
1990 2375 2241 2425 victoriae.
2330 2375 2486 2427 Quod
2533 2374 2713 2427 dicere

1634 2453 1855 2515 sciebat,
1899 2452 2171 2515 praestitit:
2209 2452 2466 2501 neminem
2492 2453 2712 2513 occidit,

1633 2530 1729 2579 nisi
1748 2536 2018 2579 armatum.
2075 2528 2216 2581 Quid
2239 2544 2365 2592 ergo
2389 2530 2509 2579 est?
2543 2531 2710 2579 ceteri

1635 2621 1776 2655 arma
1815 2606 2075 2655 cruentius
2119 2612 2488 2667 exercuerunt,
2532 2606 2708 2655 satiati

1637 2687 1809 2731 tamen
1851 2680 2127 2747 aliqnando
2173 2680 2498 2744 abjecerunt.
2600 2680 2708 2731 Hic

1637 2754 1862 2819 gladium
1886 2757 1994 2806 cito
2018 2756 2278 2821 condidit,
2315 2770 2578 2821 nunquam
2617 2772 2710 2821 po-

1639 2830 1776 2882 suit?

1704 2906 1982 2970 Pompeius]
2029 2906 2224 2956 Mirum
2265 2906 2403 2971 qnod
2441 2906 2513 2957 ibi
2558 2908 2706 2957 sileat

1638 2982 1854 3033 Tacitus
1878 2984 1942 3033 de
1967 2984 2196 3033 Caesare.
2259 2982 2313 3031 Si
2339 2980 2480 3033 forte
2499 2984 2705 3035 vicisset

1633 3058 1939 3124 Pompeius,
1960 3060 2177 3123 perinde
2195 3058 2375 3109 sileret
2395 3066 2451 3109 et
2469 3060 2536 3109 de
2556 3062 2702 3109 Poru-

1635 3135 1773 3197 peio.
1863 3134 1992 3183 Pars
2039 3134 2220 3182 victrix
2263 3134 2442 3197 placuit
2495 3134 2702 3197 superis.-

1635 3209 1756 3273 quia
1791 3208 1977 3259 victori
2001 3215 2222 3271 parcunt
2247 3207 2376 3271 fatu,
2399 3208 2578 3259 colunt
2605 3210 2702 3261 sor·

1634 3291 1811 3334 tunam
1852 3284 2061 3348 posteri.
2129 3282 2214 3333 An
2252 3285 2372 3348 quia
2407 3285 2549 3346 vicit,
2588 3286 2699 3336 ideo

1637 3361 1965 3410 innocentior·
2005 3359 2214 3409 Caesar?
2279 3360 2366 3408 Sic
2411 3358 2544 3411 forte
2585 3362 2698 3427 quia

1639 3437 1928 3485 clementer
1961 3451 2079 3484 usus
2103 3442 2184 3485 est
2219 3435 2428 3484 fortuna
2449 3451 2510 3485 ac
2535 3438 2695 3488 victo-

1641 3512 1736 3575 ria,
1773 3519 1827 3561 et
1865 3513 1987 3577 quia
2026 3512 2234 3561 vincere
2267 3520 2481 3561 coactus
2504 3520 2603 3577 est,
2645 3521 2696 3564 ut

1639 3592 1789 3640 multi
1831 3591 2114 3655 tradidere,
2151 3592 2439 3641 rationibus
2475 3590 2613 3642 forte
2647 3596 2694 3643 in

1638 3668 1955 3719 adunationem
1975 3669 2266 3733 compositis.

1705 3745 1981 3797 Meliorum
2027 3762 2121 3796 seu
2175 3746 2450 3796 fortiorum
2503 3758 2696 3811 semper

1639 3837 1797 3872 ceusu
1819 3822 2003 3871 melior
2021 3820 2119 3871 fuit
2140 3839 2154 3871 ι
2193 3830 2420 3871 attamen
2445 3830 2552 3871 tum
2572 3831 2694 3873 tem·

1638 3899 1780 3963 poris
1798 3898 1926 3947 inter
1940 3900 2076 3947 bonos
2094 3900 2154 3948 de
2171 3900 2368 3963 imperio
2390 3901 2695 3951 certabatur.

1640 3972 1810 4022 Ambo
1855 3975 1931 4022 illi
1979 3974 2142 4023 fortes
2189 3976 2491 4041 egregiique
2529 3976 2692 4029 duces.

1641 4050 1757 4099 Nec
1778 4051 1952 4113 potuit
1976 4050 2080 4099 dici
2101 4050 2238 4114 quod
2264 4065 2383 4101 mox
2407 4050 2548 4101 Hist.
2565 4066 2598 4101 r.
2614 4059 2690 4103 50.

1642 4126 1658 4154 ‘
1685 4127 1792 4175 Pro
1813 4126 2025 4175 Othone
2059 4141 2126 4175 an
2149 4140 2242 4189 pro
2259 4126 2477 4175 Vitellio
2509 4126 2556 4175 in
2578 4134 2690 4177 tem-

1643 4200 1734 4263 pls
1754 4201 1918 4251 ituros
1936 4201 1956 4249 i
1979 4234 1994 4249 .
2009 4234 2023 4251 .
2041 4234 2055 4252 .
2073 4200 2402 4253 Detestanda
2426 4209 2546 4252 vota
2565 4203 2688 4253 inter
