2893 4742
455 324 628 388 255⁰
1170 337 1235 386 c.
1282 335 1652 386 connum
1697 335 1960 384 'rscm
2331 340 2524 404 [mu.
2557 345 2666 392 επ.

454 498 676 574 vibus,
750 495 914 578 fuga
984 495 1367 560 diremtum:
1438 493 1676 560 Macer
1745 494 1835 558 ad
1905 495 2182 560 exitium
2239 497 2672 578 poscebatur.

453 597 742 680 Jamque
771 597 1185 662 vulneratum
1216 597 1473 660 eminus
1511 596 1790 660 lancea¹¹²
1829 596 2078 660 strictis
2121 597 2362 679 gladiis
2389 599 2672 660 invase·

456 705 624 776 rant,
654 718 807 762 cum
837 701 1219 763 intercursu³
1260 699 1704 763 Tribunorum
1741 697 2342 780 centurionumque
2371 700 2674 781 protegi·

454 807 583 865 tur.
674 799 823 864 Nec
852 801 1061 864 multo
1092 805 1245 883 post
1281 798 1665 864 Vestricius
1691 798 2066 883 «Spurinna,
2104 799 2298 881 jussu
2349 797 2674 875 OthoniS,

452 901 687 966 relicto
732 901 1101 966 Placentiae
1145 901 1411 966 modico
1455 901 1801 984 praesidiO,
1847 921 1998 966 cum
2042 901 2455 964 cohortibus¹¹
2508 903 2672 964 sub-

450 1001 683 1068 venit?
788 1003 965 1067 Dein
1018 1001 1328 1066 Fluvium
1384 1003 1758 1080 Sabinum,p
1813 1002 2174 1068 Consulem
2225 1001 2670 1083 designatum,

453 1183 617 1228 erent:
656 1177 821 1227 Macer
842 1179 904 1227 ad
928 1183 1124 1227 mortem
1140 1177 1478 1242 postulabatur.
1536 1179 1744 1242 Jamque
1765 1179 1816 1226 in
1834 1178 2096 1226 sauciatum
2113 1177 2251 1226 basta
2271 1176 2458 1224 cutinus
2478 1177 2676 1224 nauti·

452 1243 751 1292 mucronibus
790 1243 1049 1300 irruerant,
1092 1258 1197 1292 cum
1233 1240 1440 1291 accursu'
1463 1242 1758 1292 tribunorum
1791 1244 2199 1304 centurionumque
2234 1240 2532 1300 defenditw.
2605 1241 2676 1302 Et

450 1311 618 1371 paucis
650 1307 910 1368 interjectis
945 1307 1123 1366 diebus,
1158 1307 1358 1370 imperio
1383 1307 1606 1368 Othonis,
1637 1307 1896 1356 Vestricius
1926 1306 2168 1369 Spurinna
2205 1305 2390 1352 auxilio
2409 1305 2546 1354 cessit
2567 1320 2675 1352 cun

454 1371 735 1435 cohortibus,
770 1371 952 1420 relictis
982 1371 1243 1420 Placentia
1274 1371 1470 1420 modicis
1502 1373 1662 1434 copiis.
1725 1372 1848 1420 Mox
1874 1371 2001 1420 Otho
2031 1371 2162 1418 misit
2197 1369 2417 1419 Flavium
2437 1367 2676 1417 Subiun-

1375 1505 1736 1526 oeuooeeeeeo

452 1589 583 1638 Mss.
608 1587 755 1636 Harl.
778 1587 930 1636 Bodl.
944 1587 1050 1638 Jes.
1066 1593 1123 1636 et
1142 1586 1479 1648 Puteolanus,
1495 1585 1840 1650 superfuerant.
1862 1587 2186 1636 Breuem—8
2209 1586 2298 1636 Sic
2311 1587 2516 1650 optime
2537 1587 2676 1636 Mss-

454 1653 591 1703 Flor.
619 1651 743 1714 Reg.
784 1651 920 1700 Bud.
952 1651 1112 1700 editio
1150 1651 1413 1714 princeps,
1451 1651 1725 1700 Rhenanus
1760 1659 1820 1700 et
1857 1653 2185 1701 recentiores.
2251 1651 2317 1700 In
2355 1652 2491 1700 Mas.
2519 1651 2676 1700 Harl.

462 1715 747 1767 Bod1.-Jes.
764 1723 821 1765 et
842 1715 1177 1779 Puteolanus,
1201 1717 1402 1764 incursu.
1471 1715 1532 1764 Iu
1556 1717 1687 1765 Mss.
1713 1715 1864 1766 Harl.
1889 1716 2040 1766 Bodl.
2058 1717 2223 1766 altera
2241 1731 2400 1764 manu
2423 1717 2678 1766 emenda-

1455 1885 1666 1936 NOTAE

1595 2013 1748 2064 quam
1787 1997 2062 2049 adveniret
2095 2001 2305 2050 Flavius
2337 1999 2592 2064 Sabinus,
2611 2007 2674 2049 ut

1595 2073 1694 2122 illis
1721 2081 1986 2136 proeesset.

452 2001 677 2064 abrupta
698 2015 729 2050 a
750 2000 945 2050 ceteris
966 1999 1184 2064 agmina,
1204 2000 1516 2064 ubicumque

449 2078 607 2128 alium
663 2076 749 2127 alii
799 2091 910 2127 sors
962 2079 1260 2141 miscuerat,
1304 2077 1514 2127 dimica·

450 2151 612 2203 bant!

434 2223 439 2230 '
513 2227 767 2291 Abruptis]
802 2229 931 2280 Quae
948 2226 1358 2292 superfuerante
1382 2241 1514 2290 ρη-

448 2304 523 2352 lio
560 2319 649 2353 seu
690 2305 840 2354 clade
862 2319 1039 2368 naves,
1068 2305 1306 2369 abruptae
1345 2313 1401 2354 et
1434 2319 1514 2354 se-

450 2388 647 2444 paratae
686 2395 717 2429 a
752 2384 961 2443 ceteris,
994 2398 1109 2445 quae
1134 2384 1311 2445 praelio
1333 2383 1513 2432 mixtae

450 2458 619 2507 adhuc
646 2458 962 2521 pugnabant,
998 2458 1173 2519 fugam
1208 2472 1510 2521 capessere3

449 2540 505 2581 et
542 2534 639 2581 hac
666 2530 797 2595 'fuga
838 2532 1071 2595 praelium
1115 2532 1413 2592 diremtum,
1459 2538 1515 2581 et

448 2608 585 2659 forte
618 2608 695 2657 liis
730 2607 946 2657 navibus
970 2606 1204 2670 abruptis
1244 2622 1273 2656 e
1310 2606 1513 2670 praelio,

450 2685 701 2751 aufugere
723 2686 1051 2749 gladiatores.

512 2760 745 2826 Abruptis
776 2759 994 2823 navibus]
1042 2760 1106 2809 ld
1131 2766 1230 2823 est,
1260 2762 1514 2824 separatis

449 2839 780 2905 abreptisque
804 2838 870 2887 ab
892 2838 1135 2887 invicem.
1192 2837 1339 2888 Infra
1362 2854 1408 2889 c.
1428 2842 1512 2887 63.

449 2921 465 2945 ⁸
490 2916 724 2979 abruptis
748 2914 869 2964 vitae
894 2913 1295 2964 blandimentis!

510 2996 547 3023 ⁸¹
578 2990 787 3053 Lancea]
820 2988 971 3041 Quod
995 2992 1158 3039 telum
1180 2989 1372 3038 missile
1395 2987 1511 3038 fuit.

511 3072 536 3097 ¹¹
576 3066 699 3113 Cum
738 3064 1025 3127 cohortibus]
1079 3064 1237 3128 Apud
1294 3064 1512 3113 Placen-

446 3142 573 3190 tiam
606 3140 783 3190 habnit
822 3148 930 3189 tres
956 3142 1224 3205 praetorias
1254 3142 1510 3202 cohortes,

446 3224 504 3265 et
526 3215 668 3264 mille
690 3214 983 3264 vexillarios
1012 3230 1130 3265 cum
1165 3216 1343 3280 paucis
1367 3216 1510 3281 equi-

444 3292 603 3342 tibus.
668 3292 835 3355 Supra
860 3306 908 3341 e.
933 3296 1014 3342 18.

509 3374 533 3398 ⁰
566 3366 817 3432 Subvenit]
872 3369 1076 3432 Nempe
1112 3368 1509 3432 gladiatoribus,

444 3441 633 3507 quibus
646 3444 821 3502 etiam,
840 3445 1142 3507 proturbato
1164 3446 1359 3507 Macro,
1376 3460 1510 3508 prae-

442 3518 557 3569 ficit
594 3518 827 3569 Flavium
872 3521 1150 3572 Sabinum:
1200 3522 1286 3585 qui
1332 3528 1504 3585 tamen

443 3594 756 3661 gladiatores
790 3604 970 3658 postea
1008 3594 1271 3661 profligati
1316 3606 1435 3645 sunt
1476 3614 1507 3646 a

444 3671 739 3722 cohortibus
762 3671 1094 3732 Batavorum,
1108 3671 1240 3721 duce
1266 3671 1506 3736 Alpheuo

441 3748 602 3812 Varo,
649 3747 737 3812 qui
780 3761 899 3795 mox
944 3749 1123 3809 praelio
1167 3748 1508 3799 Bedriacensi

432 3824 544 3887 jam
570 3837 718 3889 pene
756 3820 1034 3887 profligato
1066 3827 1368 3889 supervenit
1390 3840 1507 3875 cum

442 3900 741 3950 cohortibus
766 3899 1067 3949 victricibus
1090 3908 1145 3949 et
1167 3901 1290 3950 belli
1324 3901 1506 3951 avidis.

506 3976 611 4043 Sed
628 3984 777 4041 puto,
796 3976 1073 4039 Spurinna,
1094 3992 1209 4027 cum
1230 3978 1393 4027 serius
1418 3979 1507 4028 ad-

442 4052 692 4117 venisset,
711 4052 812 4101 alio
832 4066 889 4101 se
910 4059 965 4102 et
986 4054 1221 4103 cohortes
1245 4067 1363 4102 suas
1385 4067 1507 4102 con-

443 4127 624 4178 vertit.
679 4130 749 4178 Et
767 4129 871 4179 illae
892 4129 1055 4193 copioe
1076 4128 1299 4179 Othonis
1316 4127 1508 4193 gladia·

444 4210 684 4267 torosque
720 4205 822 4268 ipsi
867 4204 1127 4271 profligati
1160 4212 1299 4269 sunt,
1340 4205 1505 4269 prius·

1661 2151 1732 2198 Et
1771 2147 1910 2199 forte
1947 2149 2128 2200 eodem
2155 2149 2265 2198 fere
2294 2149 2379 2199 die
2403 2157 2462 2199 et
2482 2151 2671 2200 eadem

1593 2226 1722 2274 hora
1754 2227 1877 2275 caesi
1922 2227 1997 2274 illi
2033 2227 2344 2290 gladiatores
2379 2241 2488 2290 qua
2529 2242 2672 2276 com-

1593 2302 1799 2350 missum
1821 2307 1902 2350 est
1923 2302 2160 2364 praelium
2181 2302 2560 2351 Bedriacense.
2587 2303 2674 2351 lta

1593 2385 1652 2427 ut
1670 2376 1856 2427 Batavi
1881 2378 2147 2427 matutinis
2163 2379 2302 2427 horis
2321 2394 2407 2428 eos
2423 2379 2676 2440 vicerint,
2751 2400 2756 2403 ·

1595 2456 1802 2507 Caecina
1823 2464 1879 2507 et
1901 2458 2093 2506 Valens
2128 2458 2226 2507 sub
2261 2457 2554 2521 meridiem,
2577 2468 2674 2509 aut

1594 2533 1749 2595 paulo
1773 2538 1912 2595 post,
1935 2532 2257 2583 Othonianos
2281 2532 2630 2598 profligarint.

1660 2609 1798 2658 Nam
1831 2608 2032 2658 intento
2055 2608 2224 2657 adbuc
2247 2609 2396 2673 ponti
2429 2626 2522 2659 suo
2551 2610 2671 2660 Cae-

1595 2685 1731 2735 cinae
1767 2684 1947 2734 adesse
1985 2686 2292 2735 nuntiantur
2327 2685 2522 2747 hostes,
2573 2687 2673 2736 nisi

1594 2760 1734 2809 sorte
1773 2759 1875 2809 duo
1917 2760 2097 2823 praelia
2131 2774 2252 2809 cum
2289 2760 2672 2823 gladiatoribus

1595 2838 1864 2887 commissa
1909 2838 2047 2887 sint:
2099 2854 2277 2902 unum,
2321 2838 2458 2903 quod
2507 2842 2673 2903 paulo

1593 2914 1941 2977 praecesserit,
1987 2914 2228 2977 alterum,
2284 2915 2420 2979 quod
2477 2916 2672 2965 eodem

1595 2996 1831 3050 tempore
1854 2987 2050 3040 factum
2071 2991 2142 3040 sit
2165 3005 2266 3055 quo
2289 2990 2528 3054 praelium
2564 2992 2676 3043 Be·

1593 3062 1880 3113 driaceuse.
1949 3064 2036 3113 Ita
2058 3073 2118 3127 ut
2141 3065 2205 3113 ad
2231 3066 2468 3127 proelium
2491 3066 2673 3129 publi·

1593 3155 1709 3188 cum
1730 3148 1912 3189 euntes
1937 3140 2120 3203 legati,
2143 3139 2434 3205 Alphenum
2461 3144 2670 3193 Varum

1591 3216 1879 3281 objecerint
1921 3217 1986 3265 ad
2031 3216 2236 3266 Padum
2266 3217 2676 3283 gladiatoribus,

1591 3306 1718 3355 quos
1750 3293 1923 3341 statim
1955 3294 2042 3342 ille
2081 3291 2219 3342 fudit
2257 3292 2670 3360 profligavitqne

1591 3373 1736 3417 tauta
1755 3368 2083 3431 strenuitate,
2099 3375 2158 3418 ut
2180 3370 2341 3419 etiam
2356 3368 2446 3419 fini
2463 3386 2668 3436 pugnae

1589 3443 1954 3513 Bedriacensis
1977 3444 2338 3494 intervenerit.

1651 3518 1899 3569 Attamen
1933 3520 2106 3583 colligi
2140 3520 2304 3583 possit
2327 3520 2531 3570 existis
2556 3522 2667 3572 Τι-

1588 3595 1700 3657 citi,
1723 3610 1874 3644 uuam
1899 3610 2123 3659 pugnam
2155 3593 2348 3647 factam
2383 3612 2498 3645 esse
2537 3612 2666 3649 cum

1587 3670 1963 3733 gladiatoribus
1981 3686 1998 3731 ;
2031 3673 2048 3699 ⁸
2066 3668 2180 3719 fusa
2194 3672 2536 3735 gladiatorum
2555 3689 2669 3723 ma-

1587 3762 1679 3809 nu,
1701 3762 1874 3811 quam,
1913 3746 2130 3796 navibus
2173 3753 2538 3809 transvectam,
2568 3766 2668 3813 op·

1589 3824 1774 3888 positae
1797 3824 2034 3872 cohortes
2065 3822 2120 3872 in
2157 3824 2272 3887 ipso
2304 3823 2514 3874 flumine
2551 3836 2666 3876 tru-

1587 3897 1927 3949 cidaverant.'

1653 3974 1813 4023 Forte
1833 3974 2000 4022 adhue
2025 3988 2116 4024 eos
2153 3976 2522 4040 insequebatur
2551 3980 2664 4028 Va.

1587 4064 1695 4111 rus,
1717 4064 1835 4099 cum
1860 4049 2056 4113 incepit
2080 4050 2314 4114 praelium
2339 4052 2660 4103 Bedriacen-

1587 4142 1662 4176 se.
1729 4126 1826 4176 His
1847 4125 2013 4191 copiis
2035 4126 2343 4176 Othonianis
2367 4134 2542 4177 tamen
2563 4130 2662 4179 Sa-

1587 4204 1734 4253 binus
1755 4204 1953 4253 veniam
1976 4218 2094 4253 mox
2119 4204 2419 4267 impetravit
2439 4218 2469 4252 a
2485 4204 2658 4255 Vitel-
