2893 4742
425 407 602 476 2198
1145 381 1226 469 c(
1255 416 1622 469 CORNELII
1666 416 1925 467 ‘raom
2308 424 2402 492 [A.
2426 427 2495 478 u,
2519 429 2643 478 322,

424 569 624 642 tate&
673 581 810 628 non
865 562 1102 626 eodem
1157 563 1400 628 honore
1450 563 1727 642 habim,
1776 557 2085 646 quaedam
2142 561 2346 627 etiam
2397 563 2647 629 finibus

427 665 730 742 ademtis,
759 665 908 748 pari
953 663 1182 728 dolore
1229 664 1587 728 commoda
1634 664 1863 728 aliena·
1885 681 1968 728 ac
2000 681 2161 726 snas
2190 663 2473 746 injurias
2503 683 2647 728 me-

427 767 782 831 tiebantur.
877 763 1296 829 Germanici⁴
1354 767 1711 844 exercituS,
1770 763 1953 849 quod
2004 764 2647 848 periculosissimum

425 869 494 933 in
522 869 718 932 tantis
745 869 1023 944 viribuS,
1051 862 1312 930 solicitij
1336 872 1404 930 et
1432 867 1639 944 irati‚⁵
1672 865 1989 948 superbia
2011 867 2295 930 recentis
2314 865 2647 942 victorias,

429 1030 628 1088 ornam,
663 1027 893 1074 nonnulle
927 1025 1072 1074 etium
1090 1023 1234 1074 terris
1254 1023 1442 1087 ablutis,
1472 1023 1667 1086 perinde
1688 999 2033 1085 teg-referebant
2064 999 2174 1085 opes
2206 1035 2288 1070 sea
2316 1023 2519 1084 premia
2536 1021 2650 1069 aliis

431 1091 624 1150 colluto,
637 1106 693 1138 ac
712 1091 930 1154 proprios
949 1089 1166 1150 injur-ias.
1238 1089 1534 1138 Germanice
1554 1088 1777 1150 legiones,
1798 1088 1921 1150 qaod
1950 1085 2157 1136 maxime
2173 1085 2417 1134 exitiabile
2434 1087 2486 1134 in
2507 1089 2651 1134 tanta

429 1156 549 1203 mole
567 1155 759 1215 vis-ium,
797 1153 956 1202 anxia
991 1159 1040 1202 et
1075 1153 1273 1230 infense
1307 1159 1463 1202 erant
1492 1153 1772 1214 arrogantia
1805 1165 1995 1215 nuper-<2
2028 1150 2258 1212 victoria,
2294 1153 2343 1198 et
2368 1149 2655 1212 formidine,

1368 1263 1574 1284 OOOOOO
1576 1263 1721 1282 ”m

432 1328 634 1389 novius,
657 1328 909 1391 Ryckins,
930 1335 984 1378 et
1009 1329 1344 1378 recentiores.
1412 1329 1478 1378 In
1497 1329 1626 1378 Mas.
1650 1328 1801 1377 Harl.
1822 1325 1933 1376 Jes.
1958 1331 2013 1376 et
2035 1325 2295 1375 veteribus
2316 1325 2655 1383 editionibus,

431 1393 663 1442 Romanis
696 1393 996 1442 exercitibus.
1065 1393 1126 1441 ln
1149 1393 1380 1456 margine
1415 1394 1519 1442 Ms.
1557 1391 1708 1442 Harl.
1741 1391 2092 1453 emendatum,
2118 1391 2390 1439 Germanis.
2455 1390 2521 1439 In
2544 1391 2653 1441 Ms-

433 1456 480 1506 A
521 1471 562 1508 r.
587 1457 906 1515 Germanicis,
928 1457 1064 1522 qnod
1091 1465 1297 1506 servant
1316 1456 1533 1520 Bipont.
1569 1456 1705 1508 Edd.
1729 1461 1850 1504 ante
1874 1456 2108 1504 Rhenan.
2132 1469 2309 1503 omnes
2333 1455 2661 1503 Romania—v

432 1525 466 1569 4
485 1472 757 1584 {Germani
793 1522 1022 1570 Brotier.
1059 1521 1216 1570 habet
1237 1528 1294 1571 et
1318 1521 1634 1583 Gronovius3
1688 1526 1747 1569 et
1780 1518 1879 1581 sie]
1910 1519 2040 1568 Mss.
2078 1519 2231 1570 Harl.
2268 1519 2421 1568 Bodl.
2452 1518 2567 1569 Jes.
2592 1524 2656 1568 et

434 1583 690 1634 editiones
717 1594 936 1634 veteres.
1005 1584 1068 1634 In
1093 1585 1492 1647 recentioribus,
1530 1585 1807 1635 Germanici
1844 1582 2095 1633 exercitas.
2162 1583 2291 1632 Cum
2318 1583 2430 1646 jam
2452 1582 2657 1632 editum

434 1647 504 1698 sit
519 1663 697 1712 supra,
717 1648 973 1698 Germanis
989 1649 1293 1710 exercitibus,
1314 1649 1396 1698 hic
1419 1647 1548 1699 ferri
1572 1655 1767 1713 potest,
1794 1647 2028 1696 Germani
2048 1648 2303 1696 exercitus.
2360 1647 2412 1694 Si
2435 1646 2549 1710 quis
2574 1655 2655 1696 ta·

433 1726 556 1762 men
588 1721 862 1777 utrumque
884 1715 1058 1762 locum
1076 1721 1329 1764 mutatum
1347 1714 1525 1776 vellet,
1550 1720 1608 1762 ut
1636 1711 1958 1773 emendaret,
1984 1711 2284 1760 Germanicis
2296 1710 2577 1760 exercitibus
2598 1715 2659 1758 et

439 1777 712 1826 Germanici
743 1777 982 1827 exercitus
999 1793 1018 1835 ,-
1047 1778 1260 1826 minime
1282 1791 1656 1842 repugnarem:
1704 1783 1863 1842 atque
1887 1775 1940 1825 id
1963 1773 2101 1824 foret
2140 1789 2206 1824 ex
2245 1775 2500 1825 communi
2540 1788 2658 1824 usn.

437 1841 752 1890 Brutia-6
787 1843 990 1906 Lipsius
1013 1844 1188 1892 mallet
1209 1842 1342 1892 eloti.

1450 1936 1661 1988 NOTAE

435 2029 579 2082 forte
605 2039 661 2083 et
681 2033 1090 2098 Lugdunensem
1124 2035 1244 2100 quia
1274 2035 1362 2085 isti
1386 2050 1507 2085 con-

438 2109 588 2158 trarii
633 2110 1033 2174 Viennensibus,
1097 2127 1227 2176 quos
1287 2113 1509 2176 regebat

439 2183 682 2246 Vindex;
736 2187 856 2252 qnia
888 2186 993 2237 inae
1036 2188 1276 2239 civitates
1321 2189 1509 2238 vicinae

437 2259 727 2322 legionibus
759 2261 1104 2322 Germanicis,
1128 2263 1250 2328 quia
1272 2263 1396 2328 ipsis
1418 2262 1509 2313 fue-

440 2333 566 2384 dere
589 2334 848 2399 adjunctas
873 2341 929 2385 et
949 2337 1197 2400 Verginio
1219 2353 1235 2399 ;
1285 2335 1511 2403 ideoque

444 2408 770 2459 offenderant
793 2410 1032 2462 Galbam.

509 2484 658 2534 Infra
677 2490 759 2535 51.
777 2486 794 2513 ‘
818 2486 1032 2537 Infensa
1052 2488 1407 2551 Lugdunensis
1428 2504 1513 2539 co·

438 2559 586 2609 Ionia
627 2566 682 2609 et
719 2562 973 2623 pertinaci
1005 2578 1100 2627 pro
1137 2564 1350 2613 Nerone
1369 2562 1511 2613 fide!

443 2635 517 2687 Et
537 2651 654 2701 cap.
689 2641 770 2687 ⁵3.
835 2637 850 2665 ‘
872 2638 1087 2701 Treveri
1129 2654 1189 2689 ac
1231 2639 1511 2705 Lingones,

444 2726 676 2777 quasque
746 2713 874 2762 alias
941 2714 1182 2765 civitates
1250 2714 1513 2766 atrocibus

445 2786 656 2851 edictis,
677 2794 769 2838 aut
791 2790 979 2841 damno
1002 2788 1182 2841 finium
1201 2790 1372 2843 Galba
1395 2806 1514 2857 per-

448 2864 808 2927 culerat,'&c.

504 2938 524 2981 ὃ
560 2940 776 3003 Soliciti]
857 2943 1064 3007 Nempe
1104 2950 1252 3007 meta,
1295 2949 1521 3009 tunquam

444 3017 565 3066 olias
597 3023 764 3081 portes
787 3016 1044 3081 fovissent,
1083 3028 1139 3069 at
1177 3020 1300 3071 irati
1323 3018 1519 3070 infesti-

445 3106 567 3157 que,
601 3092 819 3155 snperbia
857 3093 1059 3143 recentis
1102 3095 1333 3159 vinaria,
1375 3095 1517 3161 quod

445 3181 636 3233 nempe
659 3182 770 3239 non
785 3168 883 3219 sibi
907 3170 1172 3231 vicissent,
1191 3170 1285 3221 sed
1309 3170 1525 3240 Galbae,

447 3248 505 3295 et
549 3236 838 3307 legionibus
875 3245 1010 3307 aliis,
1051 3261 1168 3310 quse
1227 3245 1519 3313 principem

447 3318 751 3370 ascivissent
773 3320 824 3369 in
853 3320 1126 3384 Hispania.

511 3394 683 3458 Supra
717 3394 782 3444 de
823 3396 1187 3460 praetorianisz
1234 3398 1251 3425 ⁶
1274 3398 1518 3447 Praeven-

446 3474 660 3536 tamque
701 3472 920 3533 gratiam
944 3473 1193 3537 intelligit
1215 3472 1354 3538 apud
1376 3474 1517 3539 prin-

450 3544 620 3611 cipem
643 3560 673 3595 a
695 3546 982 3611 legionibus
1007 3548 1239 3599 factum!

515 3624 588 3673 Et
611 3622 745 3672 infra
767 3628 849 3673 58.
882 3624 896 3651 ‘
921 3626 1032 3675 Nee
1055 3625 1278 3677 deerant
1297 3627 1349 3675 in
1373 3638 1519 3677 exer-

451 3698 560 3751 citu
590 3700 786 3751 semina
809 3697 1080 3751 discordi'ae
1101 3722 1116 3764 3
1147 3702 1284 3767 quod
1307 3712 1364 3753 et
1385 3704 1521 3755 bello

451 3774 698 3826 adversus
737 3776 1010 3827 Vindicem
1051 3778 1321 3830 universus
1367 3778 1523 3831 affue-

451 3860 555 3915 rat,
575 3868 692 3916 nec,
712 3854 807 3901 nisi
832 3856 1003 3903 occiso
1045 3856 1274 3915 Nerone,
1305 3858 1523 3906 transla-

453 3934 535 3986 tus
569 3930 622 3979 in
660 3931 900 3989 Galbam,
938 3928 1094 3995 atq'ue
1127 3932 1180 3980 in
1213 3947 1276 3981 eo
1300 3930 1412 3995 ipso
1448 3949 1525 3982 sa-

453 4012 718 4054 cramento
735 4006 934 4053 vexillis
951 4002 1210 4055 inferioris
1224 4006 1523 4056 Germaniae

457 4088 758 4143 praeventus
784 4078 940 4129 erat!

521 4154 729 4219 Nempe
765 4157 956 4206 Fabius
987 4155 1180 4206 Valens
1217 4155 1290 4207 ibi
1316 4157 1521 4223 legatus

456 4232 672 4299 legionis
713 4234 975 4300 audacior,
1022 4234 1217 4300 primus
1259 4235 1314 4287 in
1359 4236 1520 4287 verba

1589 2036 1769 2086 Galbae
1835 2049 1977 2084 suam
2044 2033 2305 2097 legionem
2366 2031 2655 2096 adegerat:

1588 2111 1723 2178 quod
1748 2111 2047 2174 exemplum
2076 2115 2271 2158 secutae
2310 2107 2541 2171 legiones
2574 2122 2663 2158 sn-

1590 2187 1806 2250 perioris
1828 2185 2155 2246 Germaniae;
2194 2183 2287 2234 sed
2312 2198 2450 2248 aegre
2473 2191 2529 2234 et
2552 2185 2663 2236 vel-

1592 2269 1652 2312 ut
1678 2263 1877 2312 invitae.

1656 2337 1850 2387 Soliciti
1883 2342 1931 2387 et
1962 2335 2103 2400 irati]
2165 2334 2321 2399 Legit
2352 2333 2555 2401 Lipsius
2589 2349 2665 2384 so·

1592 2412 1719 2463 liciti
1759 2419 1807 2463 et
1850 2414 1984 2464 eluti.
2064 2412 2170 2461 Sed
2214 2406 2426 2461 frustra.
2494 2412 2667 2463 Erant

1594 2490 1783 2541 soliciti
1824 2496 1990 2551 metu,
2022 2478 2147 2551 qu'od
2177 2488 2297 2535 alias
2324 2491 2487 2551 portes
2506 2485 2667 2546 focis-

1593 2570 1732 2626 sest,·
1778 2572 1834 2615 et
1852 2566 2009 2616 etiam
2030 2564 2146 2613 irati
2170 2562 2415 2627 snperbia
2435 2562 2669 2613 recentis

1596 2643 1846 2693 victoriae.
1900 2644 2018 2692 Nec
2040 2648 2237 2692 tantum
2260 2640 2387 2690 elati
2408 2645 2559 2689 erant
2580 2654 2669 2689 su-

1600 2718 1802 2783 perbis,
1820 2718 1911 2768 sed
1947 2724 2001 2767 et
2039 2717 2177 2775 irati,
2198 2716 2322 2781 quia
2359 2728 2547 2779 nempe
2587 2715 2667 2763 vi·

1599 2795 1791 2845 cissent
1813 2793 1999 2845 Galbae
2021 2800 2077 2843 et
2112 2791 2399 2854 Galbianis,
2416 2804 2518 2840 non
2549 2790 2671 2841 sibi.

1668 2872 1807 2921 Nam
1842 2870 2043 2919 tardea
2070 2870 2281 2919 Nerone
2315 2868 2671 2929 desciverant,

1596 2960 1697 2998 nec
1758 2944 1939 2996 statim
2004 2960 2101 3009 pro
2158 2942 2331 2994 Galba
2382 2948 2670 2993 steterant.

1597 3020 1751 3074 Quod
1790 3028 1978 3085 postea
2032 3020 2263 3084 explicat
2314 3018 2445 3067 Tac.
2486 3032 2533 3067 e.
2579 3022 2675 3069 61:

1597 3098 1613 3126 ‘
1640 3098 1789 3147 Caeso
1808 3112 1926 3147 cum
1948 3096 2184 3147 omnibus
2197 3093 2362 3158 copiis
2378 3091 2518 3143 Julio
2538 3092 2673 3143 Vin-

1598 3172 1735 3238 dice,
1746 3171 1895 3223 ferox
1915 3172 2092 3237 praeda
2104 3170 2371 3235 gloriaque
2391 3169 2676 3232 exercitus,

1598 3254 1659 3299 ut
1680 3249 1765 3299 cui
1790 3250 1905 3300 sine
1930 3250 2105 3299 labore
2130 3263 2190 3297 ac
2218 3245 2455 3312 periculo
2474 3244 2673 3295 ditissi-

1596 3325 1666 3374 mi
1704 3325 1829 3374 belli
1862 3325 2082 3374 victoria
2112 3319 2390 3382 e'venisset,
2412 3319 2675 3384 expediti-

1597 3414 1751 3450 onem
1773 3408 1829 3451 et
1852 3400 2039 3463 aciem,
2054 3398 2271 3463 premia
2294 3410 2449 3461 quam
2469 3396 2671 3460 stipen-

1598 3476 1687 3525 dia
1708 3475 1970 3527 malebat.'
2038 3477 2109 3525 Et
2146 3474 2284 3525 infra
2302 3492 2319 3525 ι
2377 3478 2393 3505 ‘
2416 3474 2681 3539 Sequanis

1598 3552 1883 3617 AEduisque
1905 3566 1967 3602 ae
1989 3551 2199 3615 deinde,
2222 3558 2383 3617 prout
2404 3550 2681 3615 opulentia

1601 3629 1901 3679 civitatibus
1920 3635 2051 3687 erat,
2066 3626 2255 3677 infensi
2270 3626 2305 3687 ς’
2340 3627 2396 3677 id
2411 3632 2511 3689 est,
2521 3624 2647 3675 irati
2660 3642 2677 3675 ι

1600 3718 1759 3753 causa
1780 3704 2043 3767 praecipua
2060 3704 2273 3765 irarum,
2289 3704 2412 3768 quia
2428 3702 2680 3766 victores,

1604 3780 1787 3843 opibus
1812 3779 2081 3828 Gallorum
2105 3778 2389 3827 inhiabant.

1668 3854 1861 3903 soliciti
1876 3858 1923 3903 et
1938 3854 2321 3918 ἐπείρηκε-ὀὴ]
2346 3854 2472 3903 Irati
2483 3866 2681 3917 nempe

1603 3932 1740 3998 quod
1766 3946 1867 3981 uon
1890 3931 2008 3995 sibi,
2028 3932 2123 3980 sed
2150 3931 2337 3981 Galbae
2372 3937 2431 3979 et
2469 3928 2683 3981 Galbia-

1606 4009 1684 4057 nis
1720 4008 1987 4057 vicissent.
2054 4006 2285 4069 Superbia
2320 4014 2495 4055 tamen
2534 4002 2681 4069 quod

1605 4083 1791 4134 Gallos
1837 4083 2088 4131 vicissent
2123 4096 2187 4132 ae
2226 4080 2640 4147 pes-domuissent
2662 4096 2679 4130 ε

1602 4160 1727 4211 exin
1766 4165 1825 4209 et
1855 4158 2075 4222 animia
2106 4158 2159 4208 in
2193 4159 2324 4209 alias
2344 4158 2583 4209 nationes
2604 4158 2681 4207 le·

1608 4234 1929 4301 gionesque:
1998 4234 2178 4285 soliciti
2242 4234 2404 4285 etiam
2444 4238 2491 4283 et
2531 4238 2683 4298 metu,
