2893 4742
387 345 568 418 214⁰
1113 383 1118 390 -
1194 359 1395 411 noas
1439 357 1784 410 xenonis

387 507 672 590 quatuor
701 503 917 570 solum
944 503 1440 582 comitantibus,
1470 499 1793 580 Phaonte,
1824 499 2303 586 Epaphrodito,
2334 501 2581 587 Spero,

383 611 456 670 et
483 604 866 688 Neophyto‚
913 597 1221 668 obsoleta
1261 605 1334 668 in
1365 609 1575 681 veste,
1604 592 1815 685 neilue
1842 621 2115 686 prorsus
2140 603 2493 670 militarem
2520 607 2591 670 in

385 704 681 783 modum,
705 701 1160 790 adopertoque
1191 705 1437 790 capite,
1468 710 1535 768 et
1560 709 1713 769 ante
1738 704 1979 769 {aciem
2006 706 2273 770 obtento
2300 706 2591 771 sudario«

391 805 571 873 Dum
599 808 876 872 festinus
906 814 1094 890 urget
1127 807 1272 885 iter,
1317 805 1533 870 audiit
1572 825 1661 871 ex
1702 805 2031 888 proximis
2074 807 2313 872 castris
2340 808 2591 870 clamo-

387 927 528 974 rem
557 907 864 986 militum,
909 913 929 945 ‘
947 914 1014 973 et
1043 908 1174 971 sibi
1205 903 1512 985 adversa,
1554 912 1625 969 et
1664 905 1910 972 Galbae
1938 925 2263 991 prospera
2286 909 2595 972 ominan-

385 1008 596 1074 tium.’
684 1007 878 1092 Equo
924 1010 996 1074 in
1039 1009 1154 1074 via
1199 1012 1641 1084 consternato,
1698 1014 1769 1070 et
1814 1006 1899 1071 ad
1948 1008 2127 1072 latus
2182 1007 2591 1087 deflectente,

389 1109 650 1175 detecta
675 1110 872 1187 facie,
927 1111 1192 1192 agnitus
1241 1115 1345 1174 est
1373 1127 1416 1174 a
1445 1109 1735 1192 quodam
1762 1108 2045 1172 missitio
2069 1110 2497 1193 praetoriano,
2524 1113 2595 1174 et

389 1210 740 1278 salutatus.
831 1209 930 1275 Ut
973 1211 1061 1275 ad
1101 1210 1563 1276 diverticulum
1590 1215 1857 1276 ventum
1884 1217 2010 1288 est,
2052 1209 2345 1275 dimissis
2372 1209 2592 1292 equis,

389 1311 556 1376 inter
583 1312 892 1376 fruticeta
939 1331 1022 1376 ac
1067 1329 1327 1394 vepres,
1373 1329 1495 1394 per
1546 1309 1911 1374 arundineti
1954 1309 2253 1374 semitam
2286 1329 2458 1392 aegre
2500 1305 2592 1372 ad

395 1411 749 1477 adversum
781 1413 958 1478 villae
985 1413 1306 1496 parietem
1331 1412 1569 1477 evasit.
1658 1410 1769 1476 Ibi
1810 1411 2109 1475 hortante
2152 1410 2385 1474 eodem
2413 1409 2595 1474 Pha-

389 1517 566 1592 onte,
613 1518 634 1547 ‘
656 1519 734 1576 ut
779 1514 1032 1579 interim
1077 1515 1146 1578 in
1175 1533 1449 1596 specum
1474 1518 1721 1596 egestae
1748 1530 1971 1600 larenae
2020 1510 2446 1589 concederet‚'
2472 1529 2595 1576 ne—

391 1614 572 1696 gavit
613 1617 635 1648 ‘
655 1634 732 1678 se
774 1613 1002 1679 vivum
1047 1616 1173 1678 sub
1205 1621 1434 1678 ten-am
1468 1617 1709 1679 iturum
1724 1613 1762 1694 ς’
1806 1632 1888 1678 ac
1920 1631 2271 1697 parumper
2296 1611 2599 1676 commo-

390 1719 596 1794 ratus,
647 1717 804 1780 dum
849 1716 1414 1780 clandestinus-ad
1445 1716 1685 1780 villam.
1722 1715 2023 1779 introitus
2060 1719 2436 1798 paral-etun
2492 1719 2595 1779 at·

389 1837 522 1902 que
563 1819 657 1882 ita
699 1807 1074 1902 quadrupes
1100 1837 1223 1901 per
1266 1817 1603 1899 angustias
1632 1815 1899 1880 effossae
1942 1833 2243 1880 cavernae
2284 1820 2595 1898 receptus

389 1920 464 1984 in
503 1921 880 2003 proximam
909 1919 1170 1997 cellam,
1201 1917 1525 1983 decubuit
1566 1937 1765 2001 super
1798 1917 2038 1981 lectum
2064 1915 2421 1981 modicella
2446 1915 2594 1982 cul-

393 2021 548 2086 cita.

481 2121 748 2186 Interim
800 2121 1042 2187 Romae
1087 2142 1130 2187 a
1175 2123 1425 2190 Senatu
1468 2128 1490 2157 ‘
1508 2120 1743 2187 hostis’
1763 2121 2132 2205 judicatur,
2176 2125 2198 2156 ‘
2218 2119 2593 2202 dignusque

391 2223 506 2305 qui
547 2225 856 2307 puniatur
903 2245 1086 2289 more
1125 2225 1497 2308 maiorum?
1584 2223 1673 2288 Et
1711 2225 1855 2307 jam
1884 2223 2305 2306 quaerebatur
2344 2223 2431 2285 ab
2476 2223 2593 2300 iis,

392 2323 638 2407 quibus
693 2330 1106 2409 praeceptum
1165 2329 1325 2403 erat,
1383 2332 1461 2391 ιιι
1516 2327 1743 2391 vivum
1800 2343 1951 2389 eum
2010 2323 2418 2390 attraherent.
2506 2322 2594 2387 In

393 2422 858 2508 Principatum
889 2436 1112 2491 autem
1141 2445 1509 2504 successor,
1540 2428 1666 2491 etsi
1694 2428 1915 2491 tacitis
1944 2428 2235 2491 omnium
2262 2426 2595 2507 suffrag-iis

289 2586 300 2597 ,
391 2522 754 2607 Verginius
781 2527 1251 2608 designaretur,
1283 2530 1398 2611 qui
1445 2548 1489 2593 a
1536 2528 1785 2593 Senatu
1834 2534 2189 2611 expectare
2225 2546 2425 2611 posse
2454 2536 2597 2591 cre-

391 2624 672 2690 debatur
713 2627 844 2692 hoc
901 2628 1316 2707 beneficium,
1364 2649 1519 2693 cum
1570 2630 1657 2693 ad
1701 2648 1853 2693 eum
1894 2630 2223 2693 retulisset
2248 2628 2595 2692 arbitrium

391 2725 700 2808 eligendi,
742 2736 968 2810 patres
995 2734 1235 2807 tamen,
1265 2738 1444 2795 metu
1474 2750 1559 2794 ne
1588 2731 1658 2794 in
1684 2748 1893 2794 novas
1920 2730 2077 2793 belli
2108 2729 2331 2794 civilis
2359 2730 2595 2793 turba's

391 2828 894 2903 revolverentur,
943 2848 1094 2893 cum
1137 2832 1515 2895 submoveri
1542 2832 1839 2914 alioquin
1884 2836 2215 2915 occupato
2250 2832 2397 2915 jam
2438 2831 2597 2895 loco

393 2924 618 2993 Galba
633 2948 763 2993 non
785 2934 1030 3013 posset,
1049 2930 1330 2995 militum
1349 2932 1683 3015 exemplo,
1708 2932 1774 2993 in
1792 2929 2085 2995 Galbam
2102 2936 2597 2997 consenserunt.

387 3026 568 3093 Tum
622 3048 1018 3113 unoquoque
1077 3034 1262 3097 circa
1309 3032 1641 3097 Neronem
1695 3033 1850 3102 hinc
1898 3032 2053 3097 inde
2108 3034 2409 3109 instante,
2472 3037 2493 3065 ‘
2518 3037 2598 3096 ut

391 3148 590 3211 quam
619 3130 907 3212 primum
935 3152 1009 3195 se
1051 3133 1581 3215 impendentibus
1618 3132 2033 3199 contumeliis
2079 3135 2377 3216 eriperet,
2404 3133 2599 3197 fune-

387 3228 560 3294 ralia
587 3230 838 3294 instrui’
855 3232 1080 3315 jussit,
1111 3234 1274 3297 fleus
1315 3233 1399 3296 ad
1433 3234 1716 3315 singula,
1748 3240 1951 3317 atque
1995 3233 2350 3297 identidem
2380 3233 2599 3297 -dicti-

391 3334 560 3408 tans,
605 3335 626 3363 ‘
648 3328 892 3408 Qualis
939 3333 1179 3397 artifex
1230 3334 1475 3416 pereol’
1568 3334 1749 3397 Inter
1792 3354 2013 3399 moras
2054 3336 2345 3418 perlatos
2374 3354 2417 3399 a
2446 3354 2597 3400 cur-

393 3444 544 3495 sore
599 3432 924 3496 Phaontis
973 3433 1320 3499 codicillos
1373 3436 1744 3519 praeripuit,
1786 3437 2081 3519 legitq'ue
2124 3456 2197 3499 se
2244 3456 2287 3500 a
2342 3436 2593 3503 Senatu

391 3528 646 3597 hostem
684 3532 1083 3612 judicatum,
1131 3541 1200 3598 et
1251 3538 1465 3619 quaeri
1516 3543 1590 3601 ut
1644 3538 1953 3619 puniatur
2006 3557 2187 3603 more
2236 3538 2595 3621 majorum.

393 3628 980 3721 Interrogavitque,
1030 3639 1050 3668 ⁶
1075 3636 1274 3718 quale
1301 3645 1479 3701 esset
1522 3638 1593 3700 id
1633 3658 1837 3719 genus
1864 3656 2089 3721 poenae
2110 3638 2148 3718 ς’
2190 3640 2337 3703 scil.
2366 3640 2595 3720 ignoto

393 3730 528 3795 sibi
579 3732 746 3795 tales
797 3736 1164 3798 sanctiones
1221 3736 1545 3801 condendi
1602 3739 1820 3803 more!
1910 3739 2079 3803 Cum
2138 3743 2593 3824 comperisset,

393 3834 418 3867 ‘
437 3832 598 3897 nudi
640 3830 928 3897 hominis
977 3838 1302 3901 cervicem
1344 3824 1543 3901 inseri
1588 3838 1821 3915 surcae,
1848 3857 2093 3923 corpus
2120 3842 2323 3923 virgis
2366 3842 2451 3905 ad
2476 3860 2596 3907 ne-

393 3950 540 3996 cem
571 3932 790 4033 caedi:
819 3938 1230 4015 conterritus,
1249 3938 1420 4002 duos
1451 3940 1795 4022 pugiones,
1813 3960 1983 4023 quos
2006 3960 2233 4005 secum
2260 3943 2595 4022 attulerat,

391 4037 704 4121 arripuit3
748 4044 1129 4122 tentataque
1158 4042 1497 4127 utriusque
1528 4046 1696 4120 acie,
1726 4064 1955 4108 rursus
1984 4044 2306 4125 condidit,
2331 4066 2413 4111 ac
2444 4066 2594 4113 ora·

391 4134 531 4215 bat,
569 4142 645 4205 ut
670 4158 744 4205 se
771 4138 1016 4225 aliquis
1044 4140 1133 4207 ad
1161 4150 1438 4211 mortem
1464 4144 1966 4231 capessendam,
1994 4150 2303 4233 exemplo
2330 4168 2455 4215 suo
2472 4149 2591 4235 ju·-
