2893 4742
383 255 560 325 2152
1079 271 1145 321 c.
1189 269 1550 320 conflatu
1594 269 1849 318 'uerri

467 413 500 479 1
513 413 579 479 2.
653 411 1022 478 Deficiente
1089 413 1448 496 superioris
1504 411 1883 477 Germaniae
1936 409 2167 487 milito,
2218 407 2443 476 Galba
2496 407 2583 472 de

382 515 770 600 adoptando
797 513 1069 580 Caesare
1095 514 1370 594 cogitat.
1457 513 1565 580 13.
1608 513 1855 578 Vinius
1906 511 2153 576 Othoni
2190 511 2395 588 favet,
2446 528 2584 575 non

354 605 478 684 ⁸ita
507 617 689 682 Laco
715 620 784 681 et
812 617 1052 681 IceluS.
1141 614 1250 678 14.
1295 613 1542 690 Galba,
1571 614 1923 678 transactis
1962 612 2232 700 Jmperii
2258 611 2579 688 comitiis,

381 719 694 784 Pisonem
745 718 948 800 eligit,
1005 717 1332 782 hominem
1381 716 1675 799 antiqui,
1712 715 1916 778 moris
1963 719 2031 778 et
2082 732 2408 791 severum,
2466 714 2583 778 cui

381 820 491 884 15.
521 819 628 884 16.
675 816 1051 900 adoptionis
1102 835 1346 882 causas
1385 822 1453 880 et
1498 815 1769 898 Imperii
1813 813 2315 878 administrandi
2362 813 2581 878 oonsi-

376 919 542 984 lium
572 913 804 1003 aperit.
891 921 998 983 17.
1045 918 1312 983 Pisonis
1340 920 1509 984 inter
1536 919 1683 982 haec
1710 917 2101 995 moderatio,
2187 916 2297 980 18.
2342 912 2581 998 Adop-

376 1020 473 1084 tio
516 1021 584 1083 in
628 1021 866 1084 castris
909 1024 1312 1102 nuncupata,
1400 1019 1509 1084 19.
1556 1023 1693 1082 tum
1734 1019 1805 1083 in
1848 1017 2117 1081 Senatu.
2209 1015 2443 1097 Legati
2486 1015 2579 1082 ad

376 1119 744 1188 defectores
770 1123 983 1186 missi.
1033 1121 1145 1186 20.
1191 1121 1497 1187 Neronis·
1506 1119 2222 1204 prodigae'donationes
2246 1118 2578 1183 rescissae.

463 1220 572 1286 21.
639 1213 882 1287 Othoni
935 1243 1056 1307 spe
1100 1225 1295 1306 lapso
1347 1222 1703 1287 consilium
1750 1223 1819 1286 in
1866 1221 2153 1298 turbido,
2240 1219 2347 1284 22.
2392 1219 2579 1284 insti·

375 1323 680 1407 gantibus
708 1325 978 1400 libertiS,
1013 1325 1250 1402 serviS,
1277 1323 1794 1404 mathematicis;
1858 1323 1967 1388 23.
2000 1322 2109 1386 24.
2150 1321 2403 1404 paratis
2424 1319 2576 1404 jam

377 1430 528 1488 ante
557 1424 838 1488 militum
867 1425 1108 1508 studiis
1158 1445 1276 1508 per
1313 1425 1675 1490 blanditias
1713 1431 1780 1490 et
1820 1425 2222 1506 largitioneS‚
2245 1423 2575 1487 oscitante

377 1525 468 1590 ad
495 1524 566 1588 id
593 1525 949 1591 Praesecto.
1037 1528 1147 1591 25.
1179 1527 1287 1608 26.
1333 1526 1510 1608 Ergo
1548 1526 1695 1608 jam
1743 1527 2032 1608 legiones
2058 1531 2125 1590 et
2154 1524 2412 1588 auxilia
2449 1542 2576 1606 pro

375 1624 655 1692 Othone.
759 1629 868 1692 27.
937 1627 1110 1693 Mox
1159 1629 1611 1694 consalutatus
1667 1626 2055 1710 Imperator,
2158 1625 2269 1690 28.
2330 1625 2575 1690 castris

372 1727 808 1794 Praetorianis
835 1729 1124 1796 infertur.
1179 1751 1190 1762 ·

457 1829 566 1895 29.
609 1831 716 1896 30.
785 1831 950 1895 Piso
996 1832 1356 1911 cohortem,
1405 1854 1558 1918 quae
1606 1835 1675 1898 in
1719 1832 1971 1916 palatio
2018 1830 2364 1896 stationem
2411 1831 2573 1914 agit,

367 1930 668 1996 hortatur
693 1932 780 1996 ad
806 1932 1024 2020 fidem.
1111 1934 1220 2000 31.
1259 1935 1398 2018 ‚Illa
1423 1941 1617 2018 parat
1657 1938 1865 2018 signa,
1896 1933 2171 2017 reliquis
2208 1933 2427 2014 copiis
2454 1932 2575 1997 de-

368 2029 760 2099 ficientibus
845 2035 957 2099 32.
1008 2036 1116 2100 33.
1178 2036 1408 2100 Plebis
1456 2038 1753 2102 adulatio
1798 2044 1863 2100 et
1902 2037 2164 2099 levitae.
2256 2020 2575 2099 Fluctuat

368 2130 594 2216 Galba
633 2153 786 2200 cum
833 2137 1088 2214 amicis,
1131 2155 1218 2202 an
1263 2139 1801 2208 occurrendum?
1870 2137 1977 2202 34.
2024 2135 2457 2207 Praemitfiuu
2496 2135 2568 2200 in

365 2239 589 2301 castra
623 2235 820 2326 Piso.
871 2236 1130 2314 Falsus
1139 2237 1224 2317 de
1250 2240 1479 2304 occiso
1510 2238 1769 2304 Othone
1793 2255 2034 2302 rumor.
2104 2235 2214 2302 35.
2260 2235 2567 2318 Populus

366 2342 438 2401 et
461 2336 744 2403 Senatus
772 2338 1050 2418 Galbae;
1119 2339 1226 2403 36.
1271 2344 1491 2403 castra
1520 2339 1763 2405 Othoni
1790 2339 2037 2425 favent.
2122 2337 2235 2403 37.
2264 2335 2387 2401 38.
2416 2335 2567 2417 Hic

362 2436 647 2519 militum
698 2439 956 2511 animos
1007 2441 1300 2504 oratione
1339 2440 1471 2505 sibi
1526 2440 1873 2517 conciliat,
1920 2438 2163 2513 Galboe
2212 2442 2281 2500 et
2326 2436 2566 2502 Pisoni

361 2536 574 2601 reddit
601 2538 914 2603 infensos..
1003 2536 1214 2604 Arma
1261 2542 1451 2605 militi
1502 2540 1758 2605 dividit.
1846 2540 1955 2605 39.
1998 2536 2227 2621 Agitat
2266 2536 2565 2608 Lacode

351 2636 550 2705 effide
580 2636 789 2732 Vinii.
873 2640 982 2705 40.
1030 2639 1254 2706 Galba
1277 2642 1573 2713 fluctuat.
1663 2640 1867 2706 Plebs
1902 2645 2111 2715 nutat.
2202 2638 2564 2713 Othoniani

353 2736 574 2805 forum
601 2740 986 2823 irrumpunt.
1073 2742 1184 2805 41.
1230 2741 1457 2807 Galba
1480 2742 1799 2820 desertus,
1830 2743 2123 2820 occisus,
2210 2742 2321 2807 42.
2364 2740 2467 2805 sic
2494 2744 2567 2805 et

287 2922 314 2930 -
355 2834 626 2919 ‚Vinius
679 2842 790 2907 43.
819 2841 1192 2927 Sempronii
1221 2844 1647 2913 Densifides.
1695 2843 2138 2921 Pisacaesus,
2182 2844 2291 2907 44.
2321 2858 2565 2924 magna

351 2938 648 3026 ,Othonis
685 2943 938 3009 laetitia.
1030 2946 1336 3017 Caedium
1377 2946 1657 3031 praemia
1700 2950 2054 3028 poscentes
2072 2944 2269 3028 jussu
2296 2939 2563 3021 Vitellii

353 3048 608 3127 postea,
626 3045 964 3122 intersecti-
1047 3050 1160 3113 45.
1206 3046 1582 3131 Adulantur
1605 3046 1893 3117 Senatus
1914 3051 1983 3111 et
2012 3044 2316 3128 Populus
2346 3043 2561 3115 victo-

353 3162 490 3209 rem
515 3142 868 3225 Othonem,
896 3148 1014 3232 qui
1045 3148 1412 3213 coercendo
1439 3149 1723 3213 militum
1765 3144 1981 3219 furori,
1998 3146 2248 3229 impar:
2274 3182 2291 3210 -2
2332 3143 2455 3221 46..
2488 3143 2561 3207 hi

354 3248 744 3311 vacationes
771 3248 902 3311 sibi
931 3250 1174 3313 remitti
1219 3256 1473 3333 petunt.
1560 3250 1745 3313 Laco
1786 3255 1857 3313 et
1894 3247 2120 3313 Icelus
2170 3246 2358 3311 caesi.
2444 3245 2559 3309 4⁷.

351 3342 628 3413 Pisonis
654 3346 720 3414 e't
747 3348 830 3414 Τ.
866 3350 1052 3423 Vinii
1083 3350 1443 3434 sepultura,
1531 3348 1642 3417 48.
1660 3350 1924 3432 -elogia,
1952 3352 2369 3412 testamenta.
2440 3346 2555 3412 49.

354 3442 598 3515 Galbae
625 3452 991 3533 sepultura,
1019 3460 1210 3528 setae,
1237 3453 1574 3531 nobilitas,
1606 3471 1841 3528 morea,
1870 3452 2173 3516 honoreS.

439 3552 548 3615 50.
595 3552 956 3635 Trepidam
983 3554 1207 3617 urbem
1253 3574 1471 3619 novus
1496 3554 1581 3619 de
1608 3552 1885 3617 Vitellio
1930 3550 2201 3617 nuntius
2246 3552 2557 3614 exterret.

349 3650 844 3735 Vespasianum
903 3656 1192 3721 nonnulli
1249 3664 1663 3737 augurantur.
1775 3657 1882 3719 51.
1960 3652 2160 3717 Initia
2210 3649 2554 3714 Vitelliani

347 3758 568 3817 motus
598 3772 684 3818 ex
713 3754 887 3820 bello
913 3756 959 3822 J
963 3756 1084 3821 ulu
1117 3758 1448 3839 Vindicis,
1468 3767 1535 3822 et
1560 3758 1814 3823 secutis
1835 3754 1983 3821 inde
2005 3751 2358 3818 discordiis
2384 3750 2553 3815 inter

347 3854 642 3943 legiones
669 3865 742 3934 et„
765 3855 1024 3936 GalloS,
1112 3860 1221 3923 52.
1246 3859 1353 3923 53.
1403 3858 1736 3937 Vitellius,
1781 3875 1907 3921 suo
1952 3852 2215 3935 ingenio
2241 3852 2553 3933 ignavus,

343 3954 437 4019 'ad
465 3976 572 4019 res
595 3976 808 4021 novas
849 3958 1224 4025 stimulatur
1263 3981 1308 4024 a
1335 3960 1622 4025 Valente
1660 3966 1730 4025 et
1770 3956 2049 4023 Caecina
2094 3952 2347 4035 legatis.
2434 3952 2548 4016 54.

347 4056 457 4121 66.
502 4057 832 4143 Legiones
861 4062 1204 4147 utriusque
1229 4061 1615 4128 Germaniae
1636 4062 1835 4129 fidem
1862 4061 1933 4124 in
1952 4054 2241 4123 Galbam
2269 4054 2551 4153 exuunt,
