2893 4742
474 297 649 364 2244

1208 317 1274 366 G.
1322 309 1522 366 OORN
1533 315 1690 366 Em!
1737 317 2000 368 'errrl

2361 321 2454 389 [A.
2478 325 2544 378 υ.
2565 329 2694 378 022.

480 459 711 524 oculos
740 457 951 536 Nem,
1005 475 1226 541 quem,
1274 457 1474 542 longa
1519 457 1871 544 Caesarum
1923 459 2094 524 serie
2125 463 2499 541 tumentem,
2549 481 2700 530 non

480 558 755 624 Vindex
803 579 957 624 cum
982 560 1259 624 inermim
1302 561 1677 644 provincia,
1723 567 1844 628 aut
1877 581 2004 644 ego
2035 581 2188 628 cum
2213 581 2350 628 una
2376 564 2700 646 legione,¹²

480 661 601 726 sed
618 679 745 725 sua
759 660 1162 739 munitae,
1182 679 1309 726 sua
1324 661 1616 740 luxuria,
1630 662 1998 728 cervicibus
2011 662 2302 745 publicis
2313 663 2650 747 depulere:
2669 673 2693 703 ¹

478 781 697 846 neque
726 769 865 826 erat
888 763 1134 828 adhuc⁰
1154 761 1452 827 damnati
1481 761 1819 847 Principis
1845 763 2244 848 exemplum.
2333 764 2485 829 Nos
2509 765 2698 830 bello

481 928 745 992 Cassarum
765 941 1071 1006 imaginibus
1090 939 1497 1007 superbientem,
1528 955 1635 992 non
1651 942 1858 992 Vindex
1881 957 1999 992 cum
2029 941 2215 990 inermi
2255 941 2446 1006 Gallia,
2469 948 2559 993 aut
2583 958 2696 1008 ego

481 1018 600 1054 cnm
638 1021 743 1056 una
762 1007 997 1070 legione3
1020 1006 1113 1056 sed
1132 1019 1227 1056 sua
1248 1007 1468 1067 saevitia,
1503 1020 1610 1056 suoe
1633 1007 1874 1057 libidines
1893 1007 2181 1056 cervicibus
2203 1005 2424 1069 publicis
2445 1007 2695 1069 deturba-

480 1081 640 1120 vere:
674 1084 842 1137 neque
878 1068 1050 1121 fuerat
1079 1071 1330 1122 haetenus
1359 1069 1590 1120 damnati
1625 1071 1951 1136 imperatoris
1987 1071 2294 1136 exemplum.
2361 1069 2471 1122 Nos
2513 1072 2700 1136 armis,

1404 1179 1765 1200 nmmo&

1269 1263 1298 1309 1
1332 1258 1437 1309 Ms.
1461 1257 1616 1308 Corb.
1634 1259 1889 1324 depulerit.

1479 1376 1702 1432 No'rAE

478 1488 757 1526 consensus
780 1473 1120 1539 demonstrat,
1152 1475 1265 1540 quis
1297 1473 1389 1524 tali
1408 1474 1546 1524 elec·

486 1551 627 1600 tione
643 1550 830 1613 dignus
847 1551 933 1599 sit.

548 1625 654 1681 Qui
676 1626 927 1690 nascitur,
956 1627 1001 1676 is
1028 1625 1191 1677 veluti
1208 1623 1431 1675 fortunae
1459 1625 1548 1688 ju-

483 1699 641 1762 dicio,
694 1715 785 1750 seu
839 1701 988 1751 libito
1040 1701 1311 1752 succedit:
1366 1707 1424 1750 nt
1456 1699 1548 1765 qui

486 1773 786 1840 adoptatur,
808 1776 852 1826 is
874 1777 1038 1827 veluti
1054 1777 1239 1828 mentis
1252 1783 1309 1826 et
1324 1777 1547 1840 pruden-

484 1849 573 1900 tiae
598 1849 753 1900 foetus
767 1852 874 1901 dici
898 1858 1091 1916 potest.

548 1923 616 1974 Τὸ
649 1926 889 1987 megrim·
935 1929 1097 1992 possit
1136 1926 1291 1977 ctiam
1312 1925 1548 1989 intelligi,

482 2019 587 2055 non
608 2005 941 2067 solicitatum‚
973 2019 1070 2056 nec
1092 2007 1198 2058 ullo
1219 2004 1409 2055 affectu
1432 2019 1546 2054 cor·

484 2087 712 2143 ruptum,
727 2080 827 2129 nisi
846 2081 1070 2144 Reipub.

488 2185 497 2192 ·
548 2156 564 2191 ¹
598 2158 833 2208 Gonoessa
850 2160 1161 2223 amram]
1187 2159 1325 2210 Plin.
1347 2160 1543 2221 Paneg-

484 2231 502 2260 ‘
523 2230 790 2281 Audiebas
806 2239 1017 2284 senatus
1034 2235 1317 2299 populique
1333 2247 1547 2283 consen·

484 2321 617 2357 sum.
688 2309 811 2358 Non
852 2309 998 2358 tinius
1051 2309 1245 2358 Nervae
1287 2307 1547 2375 judicium

486 2383 636 2446 illud,
655 2384 745 2433 illa
765 2386 951 2434 electio
983 2384 1100 2435 fuit.
1164 2386 1303 2435 Nam
1322 2384 1412 2448 qui
1432 2382 1547 2432 ubi-

486 2472 587 2522 que
608 2463 727 2508 sunt
756 2459 1001 2518 homines,
1018 2460 1117 2509 hoc
1138 2460 1277 2508 idem
1300 2459 1432 2508 votis
1461 2471 1548 2505 ex-

484 2531 775 2595 petebant:
815 2534 905 2583 ille
936 2540 1135 2583 tantum
1150 2535 1275 2597 jure
1299 2533 1546 2597 principis

484 2608 784 2670 occupavit,
804 2610 1098 2675 primusque
1119 2607 1264 2673 fecit,
1283 2609 1421 2673 quod
1440 2623 1546 2658 om-

484 2696 577 2733 nes
598 2680 790 2732 facturi
822 2691 1012 2734 crant:
1047 2697 1145 2732 nec
1186 2683 1401 2732 hercule
1431 2688 1547 2731 tan·

484 2763 668 2821 topere
715 2760 919 2807 cunctis
942 2758 1139 2808 factum
1174 2758 1433 2821 placeret,
1449 2756 1549 2806 nisi

488 2832 786 2898 placuisset,
822 2840 1099 2897 antequam
1122 2830 1313 2882 fleret-⁹

552 2913 591 2940 Ι·
621 2907 823 2970 Inter-mi]
878 2908 1017 2961 Quia
1053 2914 1259 2971 pacata,
1302 2912 1357 2955 et
1398 2919 1550 2972 qnam

482 2980 611 3029 satis
653 2982 933 3031 tuebuntur
982 2990 1105 3031 octo
1146 2981 1391 3044 legiones,
1432 2995 1550 3045 quae

486 3057 630 3121 apud
654 3058 887 3107 Rhenum
923 3058 977 3106 in
996 3058 1181 3107 castris
1201 3062 1257 3107 et
1278 3055 1551 3119 presidiis,

486 3140 547 3183 et
567 3134 689 3197 qnia
710 3134 939 3199 undique
958 3135 1131 3185 cincta
1152 3134 1344 3183 viribus
1386 3140 1443 3183 ct
1465 3147 1550 3183 co-

490 3208 593 3273 piis
609 3208 757 3259 Rom.

556 3283 629 3333 Et
664 3283 790 3348 quid
835 3282 1110 3333 molientur
1141 3282 1284 3335 Galli
1319 3283 1549 3349 undique

488 3358 811 3421 circumdati,
848 3359 1122 3422 Hispania,
1140 3360 1311 3424 Italia,
1332 3360 1550 3410 Germa·

486 3432 593 3491 nia,
662 3432 937 3483 Britannia
966 3435 985 3482 ?
1050 3432 1281 3499 Ideoque
1347 3433 1550 3496 legatus

488 3506 787 3573 Aquitaniae
830 3508 1047 3573 petebat
1090 3509 1335 3559 auxilinm
1369 3508 1554 3557 adver-

487 3594 575 3633 sus
594 3582 867 3635 Vindicem
900 3597 967 3632 ex
992 3582 1244 3647 Hispania
1276 3597 1309 3631 a
1344 3580 1514 3632 Galba
1537 3598 1555 3644 3

490 3660 583 3709 sed
620 3659 797 3709 statim
826 3661 842 3686 ‘
863 3659 1027 3709 sensit
1070 3660 1267 3709 medios
1312 3658 1553 3723 delapsus

489 3734 545 3785 in
574 3734 780 3784 hostes!

558 3811 684 3859 Cum
697 3809 868 3859 iser-nsi
882 3808 1145 3873 provincia]
1210 3808 1348 3861 Quia
1368 3808 1555 3871 Gallia,

488 3898 583 3936 seu
604 3900 723 3949 pars
738 3888 825 3935 illa
848 3886 1054 3949 Gelliae,
1088 3885 1171 3935 cui
1194 3892 1418 3949 praeerat
1431 3886 1554 3935 Vin-

492 3961 615 4023 dex,
648 3967 765 4011 erat
796 3962 937 4011 inter
967 3962 1274 4024 provincias,
1292 3976 1419 4026 quas
1440 3961 1553 4009 nul-

490 4035 561 4085 lfoe
600 4036 847 4101 legiones,
888 4036 1023 4085 nulla
1060 4044 1236 4085 castra
1257 4036 1552 4085 tuebantur.

494 4108 627 4161 Erat
643 4124 706 4161 ee
720 4112 991 4177 provincia
1010 4110 1236 4176 publica,
1256 4126 1347 4163 seu
1375 4112 1556 4179 populi

1625 1476 1965 1541 Romani,non
1984 1477 2202 1527 Caesaris
2211 1497 2227 1540 ς
2242 1476 2466 1542 ideoque
2473 1476 2693 1530 inermis.

1689 1557 1714 1584 ¹²
1749 1553 1869 1601 Cum
1909 1567 2005 1603 una
2041 1552 2246 1616 legione]
2297 1553 2416 1602 Una
2441 1559 2644 1603 tantum
2673 1555 2696 1604 ἰ

1624 1625 1790 1690 Atqui
1833 1634 1990 1676 antea
2024 1634 2127 1675 tres
2158 1627 2210 1676 in
2233 1626 2326 1677 illa
2367 1632 2522 1690 parte
2567 1625 2697 1676 His·

1626 1703 1816 1766 paniae,
1829 1701 1937 1766 τρία
1955 1699 2202 1766 τάγματα,
2221 1708 2323 1752 tres
2341 1703 2564 1764 legiones,
2587 1703 2702 1753 col-

1623 1779 1764 1828 locat
1804 1779 1900 1828 sub
1956 1779 2195 1843 Augusto
2237 1779 2445 1828 Strabo.
2511 1777 2695 1828 Etiam

1623 1855 1720 1904 sub
1755 1854 1962 1904 Tiberio
2005 1861 2198 1913 noster,
2235 1853 2252 1880 ⁴
2276 1851 2586 1916 Hispaniae,'
2613 1853 2698 1902 in-

1627 1931 1740 1995 quit
1759 1930 1894 1980 Anu.
1920 1942 1999 1978 ιν.
2033 1931 2048 1958 ‘
2065 1943 2247 1979 recens
2265 1928 2575 1992 perdomita
2598 1927 2696 1978 tri·

1627 2005 1724 2055 bus
1743 2003 2107 2054 habebantur!

1687 2079 1790 2129 Sed
1813 2079 1877 2129 iis
1907 2079 2032 2142 ipsis
2067 2076 2240 2127 verbis
2275 2077 2604 2141 assignificat,
2634 2076 2695 2126 id

1623 2161 1899 2216 mutatum,
1919 2161 1978 2204 ot
2001 2154 2296 2203 imminutas
2319 2153 2563 2216 legiones,
2583 2153 2696 2202 ani-

1623 2234 1722 2282 mis
1741 2232 1855 2296 ejus
1876 2229 2048 2295 gentis
2070 2234 2306 2292 tempore
2327 2228 2606 2280 imminutis
2634 2233 2696 2279 et

1624 2306 1828 2357 fractis.

1689 2383 1876 2448 Itaque
1909 2382 1966 2431 in
1982 2378 2379 2442 Tarraconensi,
2406 2378 2492 2428 cni
2521 2377 2695 2429 Galba

1626 2458 1854 2523 praefuit,
1869 2470 1970 2506 una
1991 2462 2116 2506 tunc
2133 2456 2306 2519 legio„
2353 2454 2500 2503 Suet.
2532 2452 2694 2505 Galb-

1625 2538 1707 2585 10.
1740 2532 1972 2584 ostendit
1993 2530 2277 2580 exercitum
2305 2526 2464 2579 fuisse
2487 2546 2500 2578 z
2526 2530 2544 2558 ‘
2567 2528 2696 2591 legi·

1625 2610 1738 2659 onis
1759 2608 1929 2671 nnius,
1961 2607 2158 2656 alarum
2181 2604 2415 2669 duarum,
2431 2604 2583 2654 trium
2605 2618 2697 2654 co·

1625 2682 1887 2735 hortium!
1919 2682 2128 2747 Lipsius.
2227 2673 2240 2681 ’

1698 2760 1819 2809 Cum
1859 2774 1956 2807 una
2007 2756 2210 2820 legione]
2263 2756 2428 2807 Sexta
2481 2769 2691 2821 nempe.

1632 2834 1776 2884 Hist.
1805 2848 1858 2884 v·
1890 2836 1908 2863 ‘
1934 2834 2230 2897 Principem
2269 2833 2492 2884 Galbam
2526 2840 2692 2884 sextas

1628 2908 1848 2972 legionis
1868 2908 2184 2959 anctoritate
2205 2906 2438 2959 factum)
2470 2908 2694 2960 &vilius-

1629 2982 1862 3048 Ideoque
1899 2982 2038 3033 forte
2061 2983 2226 3033 altera
2261 2984 2416 3045 legio,
2439 2996 2588 3047 qnam
2610 2997 2695 3033 re·

1626 3056 1822 3109 bellans
1885 3056 2164 3121 scripserat
2225 3056 2415 3119 Galba,
2465 3057 2694 3121 septima

1627 3131 1889 3181 Galbiana
1907 3132 2176 3195 appellata
2196 3136 2300 3181 est.

1693 3206 1817 3255 Cum
1835 3220 1930 3255 una
1951 3204 2156 3267 legione]
2219 3205 2341 3256 Non
2365 3220 2493 3269 opus
2513 3205 2692 3262 multis

1627 3280 1792 3343 copiis
1847 3280 1916 3329 ad
1971 3279 2299 3330 retinendam
2369 3280 2694 3344 Hispaniam,

1627 3370 1742 3420 quoe
1765 3356 2086 3406 circumdata
2117 3356 2298 3419 copiis,
2319 3355 2462 3406 illinc
2479 3355 2698 3422 Africae,

1631 3437 1688 3481 et
1707 3431 1826 3481 hinc
1865 3430 2159 3496 Aquitania
2197 3430 2343 3495 orbe,
2397 3440 2696 3496 ceteraque

1631 3504 1820 3555 Gallia
1839 3505 2187 3568 Germanica,
2203 3512 2296 3555 aut
2311 3505 2466 3555 etiam
2486 3507 2700 3556 Britan-

1631 3581 1754 3629 niae.
1820 3580 2060 3629 Libertas
2072 3580 2186 3643 jam
2211 3578 2412 3629 sublata
2443 3594 2508 3629 ex
2531 3580 2695 3631 oculis

1630 3657 1940 3707 mortalium.

1696 3739 1721 3765 ⁰
1754 3732 1918 3795 Neque
1956 3736 2062 3781 erat
2099 3728 2278 3795 adhue]
2325 3730 2542 3783 Scilicet
2573 3738 2702 3784 ante

1630 3810 1914 3860 Neronem.
1980 3810 2068 3859 Sic
2120 3810 2266 3861 Suet.
2308 3812 2438 3862 Ner.
2461 3816 2544 3861 49.
2577 3812 2708 3862 ‘In-

1633 3890 1717 3934 ter
1751 3898 1924 3934 moras
1961 3886 2185 3948 perlatos
2205 3900 2236 3935 a
2261 3900 2472 3935 cursore
2496 3887 2701 3937 Phaon·

1633 3961 1701 4009 tis
1731 3958 1994 4009 codicillos
2031 3958 2326 4023 preripuit,
2357 3962 2610 4027 legitque,
2637 3976 2702 4012 se

1631 4036 1834 4089 hostem
1852 4047 1884 4085 n
1908 4041 2095 4087 senatu
2107 4037 2422 4102 judicatum,
2437 4046 2494 4089 et
2517 4038 2707 4106 queri,

1630 4118 1693 4162 ut
1707 4112 1953 4177 puniatur
1967 4125 2114 4163 more
2131 4108 2420 4177 majorum!
