2893 4742
274 348 335 403 J,
356 348 419 401 G.
438 346 547 414 θα]

929 336 1460 393 Ῑ-ῙῙΒΤΟΒῙΑΒῘῙΜ
1507 340 1656 427 1318·
1700 342 1784 391 11.

2311 320 2490 393 2729

1272 538 1492 591 NOTAE

280 676 377 729 sed
448 690 553 727 non
630 676 827 741 statim,
890 691 991 728 nee
1054 674 1207 745 facile
1281 676 1343 725 iis

280 752 496 817 ascripti
552 753 848 814 auxiliares,
905 760 965 801 ut
1028 752 1115 816 qui
1172 765 1343 814 neque

278 829 485 891 militia,
532 844 701 894 neque
727 831 1048 893 ,disciplinm
1102 832 1343 895 linguave

278 904 514 955 Romana
552 905 775 954 instituti
816 912 1005 953 essent.
1074 906 1238 955 Immo
1276 922 1341 956 ex

278 982 499 1030 vetustis
525 980 691 1030 ltsliae
724 982 941 1030 coloniis
972 982 1167 1035 delecti
1210 997 1341 1043 prae-

277 1057 492 1121 toriaui,
526 1064 585 1107 ut
624 1058 882 1121 fortiores,
918 1066 1005 1109 aut
1036 1066 1181 1111 certe
1212 1060 1341 1110 fide-

274 1135 453 1185 liores.

342 1211 591 1275 Equitum
646 1211 921 1275 multiplex
972 1226 1149 1277 genus.
1233 1212 1341 1262 Alii

277 1293 428 1336 erant
463 1288 711 1349 legionarii
741 1294 798 1336 et
830 1286 1031 1337 addicti
1050 1302 1157 1337 suae
1179 1288 1339 1350 legio-

275 1362 363 1423 ni;
396 1363 485 1411 alii
516 1364 687 1423 alares,
710 1378 803 1412 seu
833 1365 997 1425 ularii,
1029 1363 1167 1427 quod
1200 1364 1339 1414 idem

276 1444 380 1501 est,
411 1438 612 1503 equites
648 1437 904 1487 sociorum
940 1438 1219 1499 erant‚-sed
1256 1454 1340 1487 au-

274 1511 399 1561 nexi
436 1512 594 1561 etiam
630 1513 783 1562 alicui
822 1514 1037 1577 legioui3
1072 1521 1128 1562 et
1150 1514 1341 1563 auxilia

272 1586 427 1649 hujus
450 1588 667 1649 legionis
690 1594 841 1637 erant
872 1602 921 1638 v.
947 1603 997 1652 g.
1018 1596 1137 1637 octo
1160 1588 1338 1638 cohor·

274 1669 361 1713 tes
383 1665 697 1713 Batavorum
718 1682 733 1725 ς
768 1664 1027 1713 habebant
1050 1679 1169 1713 suos
1200 1665 1339 1730 equi·

274 1745 360 1789 tes
398 1738 618 1798 alarios3
654 1745 709 1787 et
743 1740 819 1787 illi
856 1740 1056 1803 equites
1092 1739 1258 1801 alarii,
1280 1746 1339 1789 ut

273 1819 349 1864 et·
374 1814 577 1878 pedites
618 1816 923 1876 cohortium,
958 1824 1111 1865 erant
1148 1817 1338 1866 auxilia

222 1930 231 1937 .
270 1888 496 1953 legionis
516 1891 950 1953 quartaedecimir.

340 1966 493 2017 Quod
518 1973 819 2029 usurpatum
856 1965 1007 2015 video
1020 1966 1133 2029 jam
1157 1972 1337 2016 vetere

275 2040 480 2102 Repub.
518 2048 575 2091 et
608 2034 783 2106 pris'ca
816 2042 1027 2091 militia:
1064 2043 1138 2091 sic
1160 2043 1336 2093 Livius

270 2131 445 2169 xxxv.
489 2125 537 2168 5.
594 2122 612 2147 ‘
634 2120 694 2168 0.
733 2121 934 2171 Livium
975 2119 1337 2182 Salinatorem,

270 2194 363 2259 qui
404 2200 625 2257 preerat
654 2195 827 2245 alariis
862 2194 1144 2259 equitibus,
1182 2209 1335 2260 quam

274 2271 709 2321 concitatissimos
742 2286 903 2335 equos
940 2272 1219 2321 immittere
1251 2272 1338 2335 ju·

272 2344 391 2396 bet:
436 2347 745 2410 legionarios
779 2348 981 2412 equites
1010 2348 1064 2396 in
1099 2347 1339 2398 subsidiis

273 2422 424 2472 esse!

274 2524 281 2530 -
340 2497 509 2562 quue
532 2499 691 2548 etiam
726 2498 823 2549 sub
848 2498 1169 2563 principibus
1192 2513 1335 2548 usur-

272 2579 473 2637 patum,
504 2575 767 2639 colligitur
804 2589 869 2624 ex
917 2576 1042 2624 Tae.
1086 2587 1212 2624 xtn.
1249 2579 1333 2624 ⁸5.

268 2649 288 2677 ⁶
311 2647 639 2714 AdJectaque
661 2665 728 2699 ex
748 2649 1029 2698 Germania
1050 2649 1203 2712 legio,
1216 2663 1333 2698 eum

273 2724 531 2788 eq‘uitibus
570 2725 745 2773 alariis
784 2731 841 2772 et
884 2723 1117 2786 peditatu
1160 2723 1335 2773 cohor-

269 2797 435 2848 tium.’
502 2799 622 2850 Quo
665 2799 781 2849 loco
826 2798 1067 2861 intelligit
1102 2797 1336 2860 Tacitus,

271 2872 567 2936 adjunctam
598 2887 713 2922 esse
750 2873 1005 2923 exercitui
1028 2871 1335 2922 Corbulonis

270 2946 527 3010 legionem
542 2947 922 3009 Germanicam,
938 2960 1057 2995 cum
1076 2947 1183 2998 suis
1198 2947 1337 2996 auxi-

268 3023 355 3075 liis
390 3023 715 3086 pedestribus
756 3030 812 3072 et
856 3023 1200 3086 equestribus,
1242 3037 1335 3072 seu

272 3111 391 3148 eum
413 3099 717 3148 cohortibus
750 3099 1004 3162 peditum,
1039 3105 1098 3146 et
1129 3097 1227 3146 alis
1253 3112 1334 3147 so-

272 3174 489 3233 elorum,
546 3189 637 3223 seu
688 3174 863 3224 alariis
918 3173 1201 3237 equitibus,
1244 3174 1334 3238 qui

272 3250 517 3300 auxilium
572 3250 887 3300 ordinarium
924 3255 1077 3298 erant
1118 3249 1333 3312 hujusce

272 3328 507 3391 legionis,
543 3327 683 3377 haud
731 3327 908 3389 dubie,
952 3334 1147 3388 praeter
1194 3327 1333 3390 ipsos

270 3403 603 3468 legionarios·
634 3403 853 3468 equites,
893 3401 981 3465 qui
1032 3415 1063 3450 e
1114 3416 1335 3466 corpore

270 3480 491 3544 legionis
530 3487 698 3541 erant,
736 3467 833 3526 ne‘c
870 3491 1093 3542 uuquam
1126 3491 1335 3544 separa-

270 3555 465 3606 bantur
486 3571 519 3604 a
540 3570 630 3605 sua
650 3554 871 3616 legione.

335 3631 441 3680 Sed
478 3637 534 3680 et
582 3636 733 3679 erant
780 3631 895 3679 alia»,
937 3631 1033 3680 alae
1076 3631 1332 3682 sociorum

270 3706 522 3770 equitum,
562 3721 677 3770 quoe
720 3705 937 3755 seorsim
974 3705 1041 3757 ab
1080 3710 1221 3758 omni
1260 3710 1333 3758 le-

272 3782 426 3847 gione
461 3782 713 3830 militasse
740 3781 999 3841 videntur,
1030 3785 1106 3832 ita
1136 3791 1196 3833 ut
1229 3784 1330 3834 illae

270 3871 340 3908 ex
363 3872 459 3907 usu
496 3863 783 3920 temporum
820 3857 923 3906 buo
958 3865 1017 3906 et
1048 3857 1171 3908 illue
1194 3873 1332 3909 mea-

268 3923 411 3995 rent,
448 3943 508 3984 ut
550 3934 634 3984 ala
673 3931 1053 3998 Cauiuet'atum,
1084 3937 1333 3986 Trevero-

268 4023 405 4072 rum,
422 4011 521 4059 &a

334 4087 441 4136 Sed
486 4091 543 4136 et
578 4087 695 4136 aliie
735 4093 885 4137 erant
927 4089 1034 4152 ὼ,
1071 4103 1188 4153 quoe
1232 4090 1335 4140 Ro-

192 4243 201 4252 .
264 4170 439 4215 mnas
456 4169 516 4214 et
534 4161 849 4230 legionariae,
867 4163 1022 4217 etiam
1050 4166 1333 4231 separatim

1424 682 1684 726 merentes
1725 690 1760 725 a
1795 673 2103 738 legionibus,
2132 672 2233 725 hue
2273 678 2328 723 et
2359 673 2485 739 illue

1426 749 1864 799 transferebantur
1902 749 2082 810 etiam,
2116 764 2210 810 pro
2243 754 2370 797 nutu
2392 749 2486 798 im-

1422 827 1735 888 perantium,
1789 834 1848 874 ut
1903 831 1957 872 et
2011 823 2204 872 similes
2244 824 2486 891 cobortes

1426 900 1672 949 Romanae
1718 906 1870 948 eraut
1905 901 1954 947 in
1991 900 2174 947 castris
2208 900 2485 960 separatim

1420 987 1698 1027 merentes.
1765 979 1847 1025 Sic.
1871 980 1949 1026 alu
1974 976 2193 1037 ‚Patr-im,
2216 976 2486 1027 Scribonia·

1416 1068 1499 1113 nu,
1515 1053 1824 1117 Syllamque.
1861 1055 1928 1101 Et
1949 1053 2049 1101 illa·
2071 1054 2166 1102 alae.
2187 1053 2486 1116 legionario

1419 1136 1476 1178 et
1533 1129 1765 1193 ejusdem
1819 1129 2126 1178 conditionis
2169 1125 2380 1179 fuorunt
2421 1142 2486 1181 ao

1418 1206 1721 1269 legionarii3
1752 1206 1842 1254 sed
1882 1205 2008 1253 nulli
2042 1205 2231 1267 legioni
2267 1218 2483 1256 annexa

1420 1288 1586 1331 eraut.

1485 1357 1669 1407 Alares
1713 1356 1788 1407 iili
1833 1372 1926 1406 sen
1968 1357 2218 1407 sociorum
2262 1357 2487 1421 equites,

1421 1432 1655 1496 quamvis
1698 1440 1872 1481 essent
1931 1432 2117 1482 annexi
2171 1432 2380 1497 legioni,
2423 1439 2486 1483 ut

1421 1508 1666 1558 auxilium
1709 1509 1993 1573 proprium,
2031 1518 2085 1559 et
2127 1510 2284 1560 etiam
2319 1509 2486 1573 inagis

1418 1584 1522 1632 suis
1543 1584 1858 1649 cohortibus,
1891 1592 2066 1634 tamen
2093 1600 2235 1649 saepe
2256 1584 2484 1648 separati

1419 1660 1722 1723 pugnabant
1766 1675 1798 1708 a
1835 1660 2042 1723 legione
2083 1674 2192 1723 sua,
2221 1666 2280 1709 et
2313 1676 2346 1709 a
2379 1658 2485 1710 suis

1418 1736 1714 1786 cohortibus
1757 1751 1850 1785 seu
1883 1736 2166 1800 peditibus,
2212 1750 2308 1801 pro
2351 1741 2486 1786 nutu

1417 1811 1641 1861 ducum:
1678 1812 1818 1875 quod
1854 1820 2005 1876 patet
2041 1828 2108 1862 ex
2143 1813 2275 1863 Tac.
2297 1826 2376 1863 nr.
2397 1816 2483 1864 ⁷8.

1417 1886 1433 1913 ‘
1455 1888 1584 1936 Tum
1601 1894 1708 1936 tres
1739 1889 1882 1938 leves
1905 1890 2166 1952 cohortes,
2199 1902 2264 1939 ac
2283 1902 2484 1939 rursum

1417 1965 1554 2015 duae’
1573 1966 1716 2031 (quse
1739 1967 1980 2015 cohortes
1995 1967 2254 2015 sociorum
2277 1964 2484 2031 eraut),

1415 2041 1432 2068 ‘
1456 2040 1577 2089 dein
1644 2047 1883 2104 tempore
1953 2041 2250 2106 interjecto,
2295 2042 2486 2093 alarius

1415 2130 1577 2181 eques
1600 2116 1884 2167 immissus.'

1481 2192 1583 2241 Sed
1630 2193 1728 2242 boc
1761 2190 1893 2242 facit
1931 2188 2313 2256 difficultatem,
2361 2192 2484 2258 qnia

1418 2282 1562 2332 saepe
1606 2282 1702 2331 per
1737 2268 1942 2317 alodum
1985 2268 2186 2331 equitem
2231 2268 2484 2332 intelligit

1417 2346 1627 2395 Tacitus
1667 2343 1966 2394 indistincte
1989 2352 2045 2394 et
2068 2345 2296 2410 equitem
2317 2344 2484 2395 socio·

1416 2435 1552 2482 rum,
1571 2423 1660 2486 qui
1681 2422 1818 2471 inter
1840 2421 2033 2470 auxilia
2050 2421 2329 2484 legionum,
2351 2421 2482 2470 alas·

1417 2512 1522 2561 que
1566 2512 1742 2547 eorum
1785 2504 2052 2560 separatas
2095 2502 2152 2545 et
2195 2497 2303 2546 alas
2330 2499 2481 2548 Rom.

1414 2573 1626 2623 seorsim
1655 2574 1810 2624 etiam
1843 2582 2136 2634 merentes;
2171 2573 2482 2638 quaudoque

1414 2648 1550 2699 forte
1573 2656 1628 2698 et
1657 2650 1967 2711 legionarios
2001 2649 2223 2712 equites.
2288 2648 2480 2711 Itaque

1413 2727 1567 2774 alares
1599 2727 1675 2773 laic
1713 2722 1910 2773 fuerint
1945 2723 2158 2786 proprie
2194 2722 2480 2772 contradis-

1414 2801 1568 2850 tincti
1595 2806 1792 2850 tautum
1817 2813 1848 2848 a
1869 2798 2132 2862 peditibus
2166 2799 2482 2865 legionariis,

1416 2881 1562 2924 tanto
1603 2875 1784 2938 magis,
1831 2873 1968 2936 qnod
2002 2887 2067 2921 eo
2110 2885 2222 2920 aevo
2255 2871 2371 2934 jam
2405 2871 2480 2922 in·

1414 2951 1718 3000 valescebat
1757 2949 2022 3014 equitatus
2057 2949 2110 2997 in
2147 2947 2333 2998 eastris
2375 2947 2478 3000 Ro.

1414 3039 1594 3087 manis.

1479 3103 1550 3150 Et
1591 3099 1726 3150 forte
1761 3101 1862 3150 hoc
1900 3102 2018 3150 loco
2048 3100 2172 3150 nihil
2201 3100 2270 3149 de
2305 3099 2481 3168 sociis,

1414 3176 1502 3242 qui
1541 3177 1732 3226 ascribi
1767 3177 1966 3226 militioe
2006 3176 2338 3240 praetorianas
2371 3189 2479 3230 non

1414 3259 1718 3317 potuerunt,
1739 3262 1797 3302 ut
1821 3252 1907 3316 qui
1934 3257 2108 3300 essent
2129 3251 2353 3314 externi,
2375 3261 2480 3304 noa

1412 3329 1730 3393 subsignani,
1775 3343 1874 3377 nec
1917 3327 2103 3375 militia
2140 3326 2292 3376 Rom.
2331 3326 2481 3376 insti-

1414 3405 1537 3455 tuti.
1589 3405 1695 3454 Hic
1715 3403 1904 3466 agitur,
1925 3409 1984 3450 ut
2017 3409 2164 3465 puto,
2183 3407 2388 3451 tautum
2402 3387 2478 3456 Be

1412 3481 1674 3543 legionibus
1695 3485 1752 3528 et
1779 3480 1888 3539 aiis,
1911 3477 2000 3542 qui
2031 3478 2288 3526 Romanus
2311 3483 2367 3526 et
2387 3477 2482 3530 ml·

1410 3558 1524 3607 litia
1543 3558 1692 3607 Rom.
1709 3557 1980 3607 institutus
2004 3555 2166 3604 miles.
2203 3555 2318 3605 Nec
2336 3553 2482 3614 vide,-

1412 3640 1502 3683 tur
1524 3633 1753 3698 potuisse
1777 3632 1964 3682 ascribi
1995 3631 2338 3694 praetorianis,
2360 3643 2480 3697 qum

1412 3709 1638 3759 nobilior
1669 3709 1876 3772 militia,
1901 3708 1998 3758 nisi
2037 3707 2126 3772 qui
2165 3715 2288 3757 ante
2319 3707 2481 3771 legio·-

1414 3784 1587 3834 narius
1603 3782 1802 3834 fuisset.

1478 3861 1665 3925 Itaque
1704 3865 1860 3924 prout
1881 3859 2074 3907 vellent
2100 3857 2388 3921 legionarii,
2415 3857 2480 3908 u.

1413 3937 1570 3986 cebat
1607 3935 1732 3998 ipsis
1776 3946 2043 3984 remanere
2083 3941 2140 3982 et
2179 3945 2378 3982 meme
2420 3934 2478 3989 in

1411 4010 1696 4074 legionibus,
1729 4017 1820 4060 aut
1845 4009 1898 4058 iu
1928 4009 2038 4069 ulis,
2063 4009 2114 4057 id
2134 4014 2234 4071 est,
2256 4009 2308 4056 in
2332 4008 2479 4072 pedi-

1416 4094 1528 4138 tatu
1561 4092 1653 4136 aut
1685 4083 1926 4150 equitatu
1947 4084 2224 4147 legionum,
2245 4095 2337 4131 seu
2357 4095 2480 4153 con,

1412 4163 1625 4218 ditionis
1645 4159 1966 4227 legionariae,
1986 4157 2151 4226 (quod
2173 4159 2294 4210 dico
2321 4170 2480 4226 prop.
