2893 4742
974 322 1508 374 nis-romanum
1556 324 1704 373 mn.
1747 324 1833 373 u.
2303 308 2478 375 2635

270 470 438 535 tiam
464 474 531 533 et
558 465 1057 552 possessionem
1102 464 1588 548 Hispaniarum
1619 470 1974 530 tentasset:
2021 485 2236 549 eoque
2261 466 2480 550 diplo-

269 572 599 635 matibus·
656 568 905 632 nullum
978 567 1357 649 Principem
1410 566 1972 650 praescripsisset?
2086 566 2481 651 Interpreta-

268 672 491 735 batur*
532 670 843 753 quaedam
887 689 975 733 ex
1020 670 1453 732 orationibus³
1499 666 1696 751 ejuS,¹'
1739 670 2222 733 conmmeliosa
2251 671 2322 734 in
2350 670 2480 736 Vi-

270 772 547 848 tellium,
578 780 644 836 et
665 790 787 855 pro
818 790 895 833 se
919 772 1096 851 ipso⁰
1138 770 1516 851 popularia.
1603 767 1990 833 Auctoritas
2027 770 2254 835 Cluvii
2303 790 2480 854 prae-

272 874 513 953 valuit,
564 881 639 938 ut
682 872 931 957 puniri⁴
970 868 1173 935 ultrod
1214 871 1516 934 libertum
1565 888 1760 933 suum
1791 878 1815 905 ‘
1843 869 2153 935 Vitellius
2195 873 2480 957 juberet.

264 330 325 383 J.
350 331 413 383 c.
436 328 547 395 oe]

279 1058 651 1123 Hispaniarum
692 1060 790 1111 sibi
828 1074 1061 1109 asserere
1102 1059 1378 1111 voluisset:
1414 1058 1638 1122 ideoque
1677 1058 1972 1121 diplomatis
1993 1060 2190 1107 nullum
2233 1058 2485 1123 principis

279 1124 587 1173 vocabulum
622 1123 967 1187 apposuisset.
1041 1122 1323 1185 Eat-plicabat
1346 1124 1564 1171 nonnulla
1587 1138 1648 1171 ex
1679 1122 1972 1171 concionibus
2003 1124 2151 1182 illius,
2172 1130 2231 1172 ut
2261 1122 2486 1187 probrosa

278 1188 335 1237 in
360 1188 621 1247 Vitellius,
641 1194 689 1238 et
710 1202 795 1249 pro
814 1188 963 1251 seipso
992 1188 1171 1237 cit-ilio.
1238 1188 1518 1235 Auctoritas
1542 1188 1702 1235 Cluvii
1718 1186 2004 1250 praepouus‘t,
2021 1192 2074 1235 ut
2096 1188 2408 1236 animadve-ti
2433 1189 2487 1235 iu

278 1252 501 1301 libatum
523 1268 661 1302 snum
700 1252 920 1302 Vitellius
948 1254 1077 1301 ultro
1093 1251 1393 1315 yma-iperet.
1463 1251 1656 1299 Cluvius
1675 1251 1860 1312 agmini
1895 1250 2204 1313 Imperatoris
2223 1253 2489 1315 adiunctum,

1210 1404 1235 1423 0
1242 1403 1563 1423 “eoum“

282 1504 317 1549 2
380 1500 569 1550 Manet
612 1502 883 1561 Ernestns,
915 1506 964 1550 et
998 1502 1419 1567 interpretabatur,
1456 1503 1538 1550 vel
1575 1500 2178 1565 interficiebamque-³
2231 1502 2319 1552 Sic
2354 1500 2490 1553 bene

286 1564 563 1615 Rhenanus
580 1571 636 1614 et
658 1566 990 1615 recentiores.
1056 1568 1141 1615 Sic
1180 1580 1383 1631 quoque
1406 1566 1738 1616 emendatum
1775 1565 1828 1614 in
1857 1566 1958 1613 Ms.
1982 1566 2132 1615 Harl.
2201 1567 2488 1630 Perperam

286 1628 415 1679 Mss.
453 1636 508 1679 et
530 1637 736 1679 veteres
774 1629 1048 1695 editiones,
1085 1630 1504 1681 exhortationibus.
1573 1630 1900 1679 Brotier.—4
1919 1630 2022 1681 Ms.
2045 1630 2202 1681 Corb.
2239 1632 2402 1694 puniri
2418 1633 2492 1681 cel

1276 1809 1492 1862 Nom-2

286 1950 479 2002 serunt.
542 1954 723 2003 Duces
748 1959 853 2005 tum
872 1962 991 2005 sunt
1011 1957 1168 2006 rebus
1188 1955 1350 2007 turbi-

290 2028 390 2088 dis,
412 2032 466 2077 et
502 2028 709 2092 quidem
746 2031 941 2093 egregii
982 2032 1033 2079 in
1072 2033 1253 2093 vulgus
1290 2046 1351 2080 ac

288 2104 539 2164 verendi3
571 2112 627 2155 et
661 2106 941 2169 importuni
979 2110 1051 2157 illi
1090 2110 1353 2173 praecipue

288 2180 624 2231 nobilioribus
688 2189 743 2231 et
796 2185 1144 2234 consularibus
1198 2185 1350 2247 viris3

288 2256 425 2321 qnod
447 2271 581 2305 nune
617 2258 797 2307 Cluvio
818 2258 1015 2322 optimo
1040 2260 1149 2310 viro
1188 2262 1349 2311 conti-

208 2352 213 2359 ·
290 2332 383 2396 git.
416 2332 502 2382 Sic
525 2347 597 2383 lv.
623 2338 704 2384 48.
739 2336 754 2362 ‘
778 2335 915 2387 Quia
939 2334 1222 2386 minoribus
1245 2352 1349 2386 ma-

282 2409 371 2472 jor
428 2411 703 2460 aemnlandi
774 2425 930 2460 cura:
987 2413 1349 2476 proconsulum

290 2486 727 2548 splendidissimus
798 2487 1015 2551 quisque
1080 2489 1351 2538 securitati

290 2562 452 2626 magis
476 2579 629 2627 quam
659 2565 913 2627 potentiae
954 2565 1330 2614 consulebant?

357 2644 380 2668 ⁸
413 2637 785 2702 Diplomotibus]
831 2640 963 2691 Quae
1009 2654 1039 2688 a
1083 2639 1353 2703 pra-,fectis

294 2711 419 2761 licet
464 2728 728 2776 concessa,
771 2721 827 2763 et
870 2715 1131 2778 impressis
1176 2729 1351 2764 eorum

296 2789 475 2852 sigillis
512 2789 712 2839 munita
746 2798 939 2852 essent,
976 2791 1141 2854 stylus
1182 2798 1355 2839 tamen

292 2864 437 2912 velut
452 2877 517 2912 ex
534 2863 780 2927 principis
796 2879 1013 2928 persona
1032 2866 1356 2930 loquebatur,

296 2942 442 3004 cnjus
463 2943 667 2991 nomine
690 2943 1049 3008 quodcumque
1082 2945 1227 2994 istius
1266 2959 1353 3008 ge·

294 3019 433 3067 neris
456 3018 758 3068 mandatum
788 3021 1196 3084 concipiebatur.
1264 3020 1355 3070 So·

294 3095 451 3146 vilius.

363 3169 713 3231 Diplomatibas
750 3170 958 3233 nullum]
991 3171 1150 3221 Certe
1174 3171 1358 3221 debuit

294 3247 495 3309 legatus
531 3247 637 3294 suis
677 3247 865 3296 edictis
894 3261 957 3297 ac
990 3248 1357 3311 diplomatibus

296 3333 499 3384 semper
521 3322 857 3384 praeseribere
886 3335 1070 3372 nomen
1107 3324 1356 3386 principis

297 3411 414 3445 eum
440 3396 607 3445 titulis
640 3397 882 3457 Caesaris,
903 3396 1147 3460 Augusti,
1166 3405 1221 3446 et
1245 3398 1356 3447 aliis

296 3471 591 3522 honoribus.
658 3471 811 3521 Quod
850 3475 1217 3535 reprehensum
1240 3487 1361 3522 mox

302 3555 354 3598 et
372 3548 635 3611 objectum
660 3547 926 3609 Helvidio,
944 3549 1065 3612 quia
1086 3549 1199 3598 scil.
1223 3555 1359 3598 teste

300 3625 515 3674 Sueten.
538 3625 698 3686 Vesp.
726 3629 801 3674 15.
837 3629 852 3652 ‘
874 3626 1156 3674 Reversum
1179 3639 1246 3673 ex
1266 3625 1361 3688 Sy-

298 3699 395 3763 ria,
430 3701 569 3750 solus
607 3701 814 3764 privato
850 3701 1053 3750 nomine
1089 3701 1360 3764 Vespasia-

299 3791 421 3826 num
442 3777 775 3836 salutaverat,
788 3783 844 3824 et
874 3777 927 3824 in
956 3785 1180 3838 pra-,tura
1200 3776 1359 3825 omni-

304 3851 397 3899 bus
417 3851 623 3912 edictis,
646 3851 755 3898 sine
790 3852 982 3898 honore
1016 3863 1079 3898 ac
1098 3851 1358 3899 mentione

300 3928 405 3977 ulla
426 3925 806 3986 transmiserat‚'
826 3931 927 3974 dte.

365 4001 389 4034 b
422 4003 508 4050 Ex
550 4001 841 4050 orationibus
876 3999 997 4061 ejus]
1047 4001 1363 4064 Eloquentia

302 4078 639 4142 praeeellebat
677 4078 908 4137 Cluvius,
938 4083 997 4125 et
1018 4076 1254 4126 landatur
1284 4078 1362 4126 ln-

302 4157 385 4206 fra
426 4156 491 4208 ab
542 4156 787 4208 Helvidio
836 4154 1189 4210 laudatissimo
1228 4156 1361 4220 viro,

1430 1954 1571 2021 qnod
1609 1964 1760 2007 tanta
1792 1956 2037 2007 facundia
2071 1956 2305 2019 eximius,
2337 1956 2498 2017 nemi-

1431 2046 1548 2080 nem
1567 2032 1664 2080 sub
1687 2034 1894 2081 Nerone
1915 2034 2184 2094 detulerit,
2205 2041 2262 2081 et
2285 2033 2336 2081 in
2361 2032 2493 2081 saln-

1394 2156 1399 2161 ,
1435 2114 1540 2155 tem
1565 2106 1751 2155 civium
1775 2122 1838 2156 ea
1861 2112 2062 2157 tantum
2085 2120 2205 2156 usus
2226 2108 2314 2157 sit.

1498 2180 1673 2229 Pravo
1697 2182 1817 2229 hnic
1838 2180 2025 2231 liberto
2057 2180 2206 2231 facile
2235 2179 2337 2230 fnit
2371 2180 2498 2229 deli-

1429 2270 1556 2319 gere
1618 2270 1684 2303 ex
1753 2254 2136 2305 facundissimis
2207 2254 2498 2305 orationibus

1422 2331 1685 2397 'quasdam
1731 2331 2036 2394 sententias,
2083 2346 2201 2396 quae
2231 2332 2498 2396 populares,

1429 2422 1522 2458 seu
1545 2408 1879 2458 conciliandis
1909 2408 2048 2472 vulgi
2085 2407 2265 2458 animis
2285 2419 2496 2472 compo-

1432 2484 1549 2532 sitae
1569 2483 1893 2546 viderentur,
1913 2491 1970 2534 et
1999 2485 2144 2545 alias,
2167 2499 2280 2548 qnae
2303 2485 2358 2532 in
2381 2497 2498 2546 per-

1431 2573 1642 2609 versum
1681 2573 1886 2608 sensum
1931 2561 2064 2609 trahi
2111 2566 2342 2625 possent,
2381 2559 2498 2609 scil.

1432 2637 1658 2699 maligne
1681 2637 2020 2698 interpretari
2056 2637 2366 2701 volentibus,
2405 2651 2500 2702 per

1432 2712 1649 2760 livorem
1673 2719 1729 2760 et
1747 2711 2012 2760 invidiam.

1503 2791 1708 2851 Nempe
1727 2789 1918 2852 saepius
1949 2785 2137 2837 infensi
2167 2789 2500 2839 nobilioribus

1434 2864 1628 2928 legatis
1671 2863 1802 2913 tales
1847 2863 2024 2912 liberti
2069 2864 2383 2913 Caesarianiz
2418 2864 2499 2914 lais

1436 2947 1696 3003 perpetuo
1727 2939 2110 3000 obtrectabant,
2129 2945 2188 2988 et
2223 2939 2313 2987 isti
2345 2940 2500 3004 longe

1434 3016 1598 3078 magis
1653 3016 1805 3064 amici
1871 3015 2118 3064 malorum
2190 3014 2500 3077 principum,

1438 3107 1590 3156 qnam
1628 3091 1824 3154 egregii
1848 3097 1941 3139 ant
1975 3090 2174 3140 honesti
2197 3091 2326 3140 viri:
2361 3089 2501 3140 unde

1438 3169 1654 3218 exitium
1678 3168 1900 3232 Reipnb.
1923 3174 1980 3216 et
2003 3167 2283 3232 Principis.

1503 3243 1654 3294 Quod
1679 3241 1901 3292 facunde
1925 3243 2126 3291 Plinius
2142 3243 2418 3307 exequitur
2449 3243 2502 3293 in

1434 3321 1636 3384 Paneg.
1656 3320 1882 3384 Trajani.
1934 3321 1950 3349 ‘
1975 3319 2200 3369 Reddita
2218 3327 2298 3369 est
2323 3321 2502 3370 amieis

1434 3396 1588 3458 fides,
1611 3396 1788 3446 liberis
1828 3396 2017 3459 pietas,
2053 3395 2358 3460 obsequium
2395 3409 2502 3445 ser-

1438 3471 1551 3532 vis3
1585 3477 1827 3521 verentur
1849 3478 1906 3521 et
1953 3479 2154 3534 parent,
2177 3481 2234 3522 et
2269 3472 2502 3523 dominos

1438 3547 1644 3596 habent.
1680 3547 1800 3596 Non
1815 3549 1948 3596 enim
1961 3548 2076 3611 jam
2091 3548 2504 3612 servi,principis

1439 3623 1604 3672 nostri
1627 3623 1799 3685 amici,
1817 3623 1910 3672 sed
1933 3637 2025 3672 nos
2057 3624 2264 3684 sumus,'
2287 3626 2387 3672 dte.

1503 3703 1528 3730 ⁶
1559 3699 1660 3747 ΡΜ
1679 3713 1729 3747 se
1749 3698 1872 3762 ipso]
1907 3698 1970 3748 Id
1995 3707 2094 3760 est,
2115 3713 2210 3763 pro
2231 3699 2344 3761 ipso
2381 3699 2504 3748 Clu-

1439 3775 1524 3823 vio
1543 3773 1676 3824 Rufo
1698 3791 1712 3823 ε
1749 3776 1895 3840 quasi
1917 3789 2015 3839 per
2033 3777 2142 3823 bec
2163 3772 2393 3822 favorem
2415 3786 2504 3835 po·

1441 3851 1551 3914 puli
1580 3864 1642 3899 ae
1665 3850 1886 3900 militum
1909 3858 2272 3912 aucuparetur,
2295 3856 2352 3897 et
2389 3863 2508 3912 pro·

1440 3928 1606 3991 priam
1631 3933 1946 3992 potestatem
1979 3925 2076 3974 sibi
2115 3937 2362 3988 arrogare
2401 3927 2508 3975 vel·

1439 4005 1531 4054 let.
2497 4013 2502 4025 ¹

1507 4078 1532 4112 ἅ
1570 4080 1733 4143 Ultro]
1765 4078 1936 4128 Etiam
1961 4077 2004 4124 si
2049 4089 2150 4125 non
2183 4081 2394 4139 rogaret
2413 4081 2510 4126 ant

1440 4151 1708 4219 flagitaret
1725 4153 1963 4216 Cluvius,
1983 4157 2040 4202 et
2075 4163 2196 4202 eum
2231 4150 2368 4202 forte
2391 4157 2506 4202 tan-
