2893 4742
461 293 635 410 21434ο

1152 353 1238 406 ·C.
1286 357 1647 406 CORNELI!
1696 355 2023 431 'raons‘

2346 361 2440 426 [Δ.
2461 363 2527 416 υ.
2552 327 2693 415 sees

1452 473 1671 524 NOTAE

461 603 699 642 vocamus
735 590 784 637 la
821 587 1034 636 Grande-
1039 587 1304 650 Bretague,
1334 587 1389 636 in
1427 601 1530 650 qua

464 681 626 731 regna
647 665 852 728 Anglioe
872 671 927 714 et
947 665 1154 714 Scotioe.
1206 664 1462 712 J'ittemon.

529 746 599 794 Et
639 744 804 794 statim
833 742 1030 805 amissa]
1072 739 1378 791 Perdomita
1411 739 1528 790 Bri-

462 791 638 870 tannia
675 817 981 880 intelligitur
1023 832 1057 866 a
1102 815 1241 868 Julio
1283 813 1528 878 Agricola

463 900 701 958 tempore
755 891 1061 942 Domitiani.
1121 892 1248 940 Tac.
1293 891 1346 938 in
1413 889 1525 940 vita

461 967 644 1032 Agric.
679 967 818 1018 Quia
837 972 951 1016 tum
987 965 1193 1014 demum
1233 964 1525 1028 perdomita

459 1051 544 1094 est
577 1042 865 1103 Britannia,
889 1043 999 1104 jam
1033 1041 1204 1090 amitti
1227 1040 1408 1089 debuit
1429 1040 1525 1088 sub

457 1117 640 1170 eodem
659 1117 982 1176 Domitiano,
1013 1113 1125 1180 (ille
1159 1115 1298 1164 euim
1323 1121 1522 1177 tempo-

458 1196 532 1244 ris
556 1195 776 1244 ambitus
799 1199 898 1254 est,
920 1207 1073 1258 quem
1113 1192 1223 1241 baec
1245 1205 1349 1241 non
1373 1204 1523 1240 exce-

459 1269 539 1319 dit
575 1266 852 1329 Historia‚)
883 1267 1019 1330 quod
1053 1280 1152 1316 nec
1195 1266 1300 1316 ullo
1338 1267 1522 1316 Histo-

459 1349 648 1396 riarum
664 1344 982 1406 testimonio,
1000 1343 1152 1392 immo
1169 1357 1265 1392 nec
1283 1343 1385 1392 levi
1399 1357 1520 1392 con·

448 1421 663 1484 jectura
685 1419 848 1468 astrui
872 1422 1062 1480 potest.
1125 1419 1190 1466 In
1209 1419 1316 1467 vita
1338 1417 1517 1481 Angc.

462 1510 614 1559 quam
656 1494 752 1543 snb
785 1493 1014 1555 Trajano
1049 1491 1333 1556 scribebat,
1369 1507 1416 1542 c.
1437 1498 1522 1543 41.

457 1571 478 1600 ⁴
493 1585 554 1620 ea
577 1571 812 1620 insecuta
833 1573 954 1617 sunt
977 1568 1109 1631 reip.
1131 1569 1402 1632 tempora,’
1424 1569 1521 1619 &c-

525 1645 742 1694 Amissae
762 1642 1068 1703 Britanniae,
1087 1643 1130 1691 si
1149 1657 1232 1692 res
1253 1658 1310 1692 se
1330 1643 1408 1693 sic
1429 1644 1521 1692 ha·

464 1720 676 1781 buisset,
713 1719 908 1769 mentio
952 1717 1068 1768 fieri
1122 1718 1378 1780 potuisset
1423 1719 1523 1768 hoe

459 1799 574 1846 ioco
617 1798 798 1847 melius
826 1811 980 1861 quam
1017 1797 1169 1846 ullius
1189 1811 1256 1844 ex
1295 1796 1356 1844 iis
1393 1809 1521 1860 quas

457 1885 731 1922 recensere
754 1878 963 1935 poterat
981 1871 1385 1920 calamitatibus.
1417 1870 1521 1919 Sed

460 1948 708 2012 Agricola
736 1948 1052 2010 provinciam
1076 1948 1216 1996 illam
1240 1948 1525 2010 reliquerat

459 2033 718 2090 pacatam,
736 2032 792 2073 et
811 2025 886 2073 sic
911 2025 1093 2088 procui
1113 2024 1272 2074 dubio
1293 2024 1519 2074 habitam

460 2108 592 2163 toto,
613 2113 715 2164 quo
741 2099 1074 2150 Domitianus
1094 2099 1247 2160 vixit,
1265 2106 1519 2162 tempore.

525 2177 663 2226 Nam
679 2174 775 2225 snb
797 2174 1030 2224 Adriano
1054 2173 1248 2224 accidit
1270 2173 1521 2223 dlasensio

457 2261 678 2316 tantum,
695 2268 798 2303 non
819 2254 1026 2304 amissio
1045 2251 1358 2316 provinciae:
1401 2263 1521 2299 cum

456 2331 524 2379 sit
541 2334 688 2379 extra
705 2329 856 2393 hujus
876 2327 1124 2378 Historiae
1139 2325 1432 2388 circuitum,
1445 2332 1521 2389 et,

459 2412 520 2453 ut
543 2404 816 2453 verisimile
839 2411 939 2467 est,
971 2408 1123 2453 extra
1159 2401 1424 2465 scriptoris
1443 2401 1519 2451 vi·

457 2484 566 2527 tam
611 2478 944 2539 extendatur,
994 2475 1146 2525 facile
1199 2476 1416 2525 inducor
1460 2480 1519 2525 ut

453 2553 790 2615 credam,non
805 2551 964 2601 fuisse
979 2551 1179 2601 auctori
1195 2550 1517 2614 propositum

455 2626 544 2678 isti
569 2628 641 2677 nei
663 2629 746 2677 hic
767 2630 936 2678 locum
955 2628 1095 2677 dare.

519 2704 607 2754 Sic
629 2703 790 2767 igitur
813 2692 1016 2752 malim:
1053 2701 1314 2751 Britannia
1345 2704 1515 2765 perdo-

453 2779 576 2828 mita
613 2784 662 2827 et
693 2777 860 2827 statim
894 2776 1070 2826 amissa
1103 2776 1180 2843 (id
1217 2784 1315 2838 est,
1359 2778 1515 2827 missa

455 2852 617 2917 facta,
665 2851 912 2915 ἀφειμένη,
962 2858 1056 2901 aut
1103 2853 1284 2914 partim
1333 2852 1517 2915 m)

453 2934 628 2979 soma
647 2928 976 2978 Sarmatarum
989 2944 1047 2977 ae
1065 2926 1320 2977 Sueeorm
1331 2932 1515 2989 gentes.

333 3018 358 3030 ⁸
453 3012 513 3055 nt
533 3004 792 3068 significet
811 3012 976 3055 totam
1017 3003 1226 3068 quidem
1249 3003 1515 3067 domitam,

451 3079 543 3129 sed
564 3094 667 3129 non
689 3086 966 3129 retentam.

519 3152 821 3218 Appianas:
845 3156 860 3184 ‘
880 3152 1160 3205 Britannia
1173 3154 1357 3203 insnloe
1373 3152 1513 3219 quod

456 3230 795 3293 potissimum,
837 3230 1030 3279 habent
1080 3242 1237 3291 snpra
1287 3228 1513 3277 mediam

455 3314 660 3369 partem
679 3302 898 3354 Romani
917 3322 931 3366 ;
979 3304 1116 3370 quod
1139 3304 1387 3367 reliquum
1411 3310 1513 3367 est,

453 3380 804 3444 negligentes:
831 3394 932 3429 aon
953 3380 1088 3429 enim
1103 3378 1214 3427 haic
1239 3392 1359 3441 pars
1375 3391 1515 3427 com-

453 3456 612 3506 moda
655 3456 795 3519 ipsis,
833 3468 1001 3519 neque
1044 3452 1200 3503 etiam
1238 3460 1388 3517 quarn
1425 3454 1513 3501 lia-

453 3530 613 3583 bent!
675 3531 900 3581 Sooilias.

519 3606 700 3655 Statim
731 3607 926 3668 amsa]
959 3608 1079 3656 Non
1117 3611 1314 3655 tantum
1351 3606 1512 3668 missa,

454 3687 548 3732 aut
581 3682 753 3731 omissa
784 3690 864 3731 est
896 3680 1186 3742 Britannia,
1222 3687 1282 3729 ut
1310 3681 1511 3743 volunt,

453 3758 552 3810 scd
569 3758 760 3819 αηίικ,
799 3766 860 3807 ut
895 3757 1170 3807 verisimile
1191 3764 1289 3818 est,
1309 3756 1513 3805 incuria

453 3842 511 3886 et
528 3833 733 3899 ignavia
753 3833 1056 3882 Domitiani.
1095 3834 1215 3881 Non
1239 3838 1428 3894 tamen,
1450 3836 1511 3879 nt

453 3918 601 3975 puto,
621 3908 760 3959 omni
797 3923 864 3958 ex
903 3916 1054 3972 parte
1085 3910 1259 3958 omissa
1282 3914 1364 3957 est
1397 3906 1511 3956 Bri·

453 3986 664 4046 tannia3
687 3983 872 4033 amissa
901 3991 1104 4033 tantum
1127 3993 1208 4034 est
1237 3996 1356 4048 pars
1375 3985 1511 4033 ulte·

453 4060 578 4121 rior,
615 4074 730 4125 qum
767 4058 962 4123 praeliis
993 4059 1185 4109 ultimis
1218 4060 1508 4122 praesertim

450 4134 716 4201 Agricolae
769 4134 968 4187 domita
1029 4142 1162 4187 erat.
1257 4135 1511 4188 Manebat

1606 585 1744 634 haud
1768 584 1960 634 dubie·
1946 599 1997 634 ιιι
2023 583 2191 636 officio
2212 594 2363 636 vetus
2386 589 2675 674 provincia,

1609 677 1726 726 quae
1750 676 1909 725 penes
1932 661 2192 711 Romanos
2230 671 2345 714 erat
2373 665 2485 728 jam
2510 681 2541 716 a
2560 665 2675 718 Cae-

1609 751 1727 788 sare
1748 738 2023 788 dictatore.

1672 815 1743 864 Et
1776 828 1897 866 cum
1930 815 2060 863 dicit
2086 815 2326 879 Tacitus,
2357 819 2677 880 perdo-sitm

1606 890 1933 942 Britanniam
1966 897 2024 940 et
2056 893 2222 942 stetini
2258 894 2513 957 amissam,
2534 894 2679 944 vide-

1604 972 1692 1014 tur
1711 965 1854 1014 clare
1890 965 2104 1014 innuere
2142 966 2207 1016 de
2251 967 2498 1032 Agricola
2521 975 2577 1019 et
2598 969 2671 1019 de

1603 1039 1938 1100 Domitian03
1961 1041 2038 1090 ita
2062 1048 2120 1090 nt
2152 1041 2219 1090 ab
2240 1041 2485 1106 Agricola
2501 1047 2675 1107 pensio·

1600 1117 1721 1164 mita
1758 1115 1848 1180 sit,
1901 1122 1957 1165 et
1996 1123 2167 1166 amoto
2208 1115 2453 1182 Agricola
2482 1120 2675 1183 stasim,

1604 1199 1695 1240 aut
1718 1198 1865 1241 certe
1888 1193 2043 1256 paulo
2074 1199 2212 1258 post,
2248 1195 2343 1242 sub
2366 1195 2673 1246 Domitiano

1602 1266 1773 1315 unnim
1794 1267 1881 1328 sit,
1898 1281 2030 1316 cum
2068 1268 2287 1332 ignavus
2322 1276 2377 1318 et
2416 1267 2677 1320 infaustus

1602 1341 1886 1404 imperator
1904 1341 2117 1405 ignavos
2150 1343 2309 1392 duces
2328 1357 2393 1392 eo
2412 1345 2676 1408 mitteret,

1602 1422 1660 1466 et
1696 1417 1809 1467 aliis
1846 1417 1993 1468 bellis
2030 1417 2201 1469 Italia
2240 1419 2569 1483 propioribus
2610 1425 2675 1472 et

1600 1492 1975 1563 difficilioribus
2016 1494 2277 1546 distentus
2318 1503 2461 1547 esset
2476 1503 2503 1558 ξ
2546 1512 2673 1548 cnm

1600 1583 1787 1633 nempe
1810 1571 2057 1622 Germani
2096 1569 2317 1635 perinde
2354 1575 2413 1620 et
2442 1571 2558 1621 dari
2590 1581 2673 1622 ta-

1600 1645 1702 1693 lem
1746 1644 2037 1710 principem
2078 1645 2399 1708 deriderent,
2418 1661 2563 1711 saepe
2610 1655 2673 1698 et

1602 1719 1957 1787 profligarent,
1976 1723 2033 1772 iu
2054 1737 2159 1786 quo
2180 1723 2295 1773 scil.
2326 1724 2473 1774 nulla
2502 1724 2675 1788 impe-

1601 1799 1799 1847 ratoria
1822 1798 1989 1848 virtus
2012 1798 2135 1860 fuit,
2158 1805 2297 1850 teste
2316 1799 2515 1851 Tacito.

1668 1874 1799 1926 Quae
1832 1875 1903 1923 de
1945 1875 2215 1924 Hadriano
2252 1873 2499 1938 afferunt,
2527 1889 2673 1926 vana

1602 1953 1659 1998 et
1698 1950 1877 2012 inepta
1920 1956 2057 2000 sunt.
2122 1951 2315 2015 Neque
2354 1952 2492 2000 enim
2536 1951 2671 2002 illud

1604 2030 1805 2088 tempus
1820 2024 1918 2074 sibi
1941 2025 2187 2088 proponit
2204 2025 2439 2076 Tacitus.
2478 2027 2671 2091 Neque

1600 2113 1891 2164 proponere
1926 2099 2117 2164 potuit,
2156 2101 2322 2165 utqui
2354 2108 2515 2153 aetate
2545 2117 2671 2166 pro-

1598 2173 1799 2223 vectior
1820 2181 1961 2224 esset
1976 2176 2089 2237 jam
2108 2175 2205 2225 snb
2227 2177 2466 2240 Trajano.

1666 2249 1819 2298 Hanc
1844 2249 2131 2300 Historiam
2148 2250 2217 2301 de
2231 2251 2669 2302 Britanniam

1596 2339 1651 2374 aa
1668 2323 1767 2375 sub
1789 2325 2087 2375 Domitiano
2122 2327 2405 2391 scripserat
2424 2329 2667 2393 Tacitus,

1598 2401 1693 2451 sed
1712 2400 1765 2449 in
1804 2400 1981 2451 Libris
1998 2403 2087 2465 qui
2122 2404 2404 2465 perierunt.
2474 2404 2553 2455 At
2586 2408 2669 2455 ni·

1596 2477 1669 2525 hil
1690 2477 1815 2537 Dio,
1836 2477 1963 2525 nihil
1998 2477 2279 2527 Suetonius
2310 2479 2379 2529 de
2408 2494 2470 2529 ea
2492 2481 2667 2531 rebel-

1598 2552 1733 2601 lione
1769 2552 2055 2603 Britannire
2086 2554 2432 2605 tradidermt.
2498 2557 2669 2609 Quat

1594 2642 1721 2677 vero
1763 2628 2019 2680 ,Historici
2052 2630 2129 2677 illi
2174 2630 2293 2688 sint,
2330 2636 2393 2681 ⁴et
2430 2632 2533 2685 dici
2572 2633 2667 2683 de-

1594 2704 1769 2769 beant,
1798 2710 1891 2755 aut
1924 2702 2210 2754 Historiam
2232 2712 2377 2756 recte
2398 2713 2457 2757 et
2474 2706 2665 2757 ordine

1594 2780 1908 2843 scripserint.

1657 2856 1829 2919 Forte,
1850 2870 1945 2906 cur
1958 2856 2089 2905 lianc
2112 2870 2223 2906 rem
2244 2870 2347 2907 non
2364 2858 2661 2922 attigerint,

1591 2929 1643 2978 ln
1664 2942 1821 2979 causa
1836 2936 1939 2991 est,
1952 2931 2080 2995 quia
2095 2944 2278 2993 parum
2294 2930 2438 2981 utilis
2456 2946 2522 2981 ea
2536 2946 2659 2996 pro·

1589 3005 1782 3068 vincia,
1818 3010 1875 3055 et
1910 3006 2033 3071 quia
2070 3010 2276 3055 retenta
2314 3014 2497 3055 vetere
2535 3022 2663 3070 pro·

1593 3080 1781 3145 vincia,
1802 3078 1955 3131 facile
1976 3080 2115 3143 passi
2152 3088 2273 3129 sunt
2298 3081 2517 3133 Romani
2534 3082 2663 3133 alibi
2724 3084 2729 3087 “

1592 3155 1805 3211 distenti
1844 3156 2123 3205 Britannos
2160 3155 2361 3207 feroces
2406 3167 2463 3207 et
2498 3173 2661 3222 vagos

1592 3246 1883 3297 egenosque
1904 3234 2121 3297 populos
2145 3234 2209 3285 ad
2230 3249 2347 3284 suos
2380 3248 2550 3284 mores
2574 3248 2661 3285 re·-

1590 3308 1724 3370 dire,
1740 3323 1960 3373 suasque
1980 3311 2155 3373 sylvas
2192 3310 2478 3373 possidere,
2495 3310 2657 3361 modo

1592 3384 1757 3435 veteri
1782 3384 2061 3447 provineiae
2085 3400 2185 3433 non
2210 3385 2533 3435 insultarent.
2580 3386 2661 3435 Et

1590 3473 1653 3507 ea
1690 3458 1923 3522 rebellio,
1956 3466 2017 3508 ut
2053 3460 2181 3509 levis
2212 3460 2477 3522 momenti,
2498 3458 2659 3511 facile

1590 3534 1897 3585 dissimulari
1937 3535 2005 3585 ab
2040 3536 2477 3599 imperitantibus,
2509 3543 2571 3587 et
2604 3550 2663 3585 e-

1591 3611 1716 3659 tiam
1753 3610 1915 3660 velari
1954 3619 2011 3661 et
2048 3612 2301 3661 occultari
2338 3612 2543 3676 potuit3
2574 3612 2661 3662 ita

1592 3693 1647 3735 et
1664 3686 1727 3735 ab
1750 3686 2029 3737 Historicis
2059 3688 2171 3737 istis
2192 3688 2281 3752 qui
2312 3687 2452 3737 aliud
2474 3694 2661 3751 agant,

1587 3762 1779 3825 sperni.
1846 3764 1969 3825 Dio,
2001 3765 2223 3828 ipsomet
2256 3770 2415 3826 teste,
2445 3763 2660 3827 spernit

1588 3836 1725 3885 ultro
1748 3836 1886 3887 bella
1906 3838 2235 3888 Germanica.

1652 3912 1849 3961 Quidni
1870 3920 1927 3963 et
1961 3913 2293 3963 Britannica?
2328 3912 2535 3963 scilicet
2558 3926 2659 3961 sua

1588 3993 1789 4037 tantum
1810 3994 1985 4037 amant
2006 3986 2197 4037 Greci.
2238 3988 2309 4037 Et
2328 3986 2467 4037 haud
2488 3984 2657 4037 dabie

1586 4075 1699 4113 aon·
1712 4069 1827 4113 tota
1844 4062 2017 4111 anana
2034 4068 2117 4111 est
2142 4060 2437 4125 Britannia,
2466 4070 2527 4113 ut
2548 4074 2654 4112 nee

1588 4147 1705 4195 tota
1718 4138 1981 4205 perdomita
1992 4142 2109 4189 crat
2122 4139 2189 4191 ab
2210 4138 2481 4205 Agricola,
2500 4139 2653 4205 cujas
