2893 4742
454 350 632 426 aus
1147 403 1152 408 .
1287 369 1489 422 nous
1532 367 1864 420 nunonis

465 513 660 580 istius
683 509 920 580 farinae
947 509 1196 596 plures,
1223 508 1384 576 laeto
1427 509 1835 594 spectaculo,
1863 505 1935 572 in
1965 505 2251 574 vinculis
2290 527 2409 592 per
2432 511 2687 575 urbem

466 616 663 682 tracti
691 620 867 692 sunt,
894 615 1290 699 publiceque
1316 614 1569 689 necati,
1598 612 1793 694 quasi
1820 610 2147 674 Neroneae
2170 611 2484 692 nequitiae
2512 629 2689 694 pes-

469 718 639 784 sima
663 716 1137 797 instrumenta3
1181 715 1338 780 dum
1383 733 1611 780 eorum
1655 713 1969 797 princeps
2010 709 2293 791 Tigellin
2302 722 2403 788 σε,
2434 711 2685 778 foedis-

467 817 644 882 sima
685 817 1081 900 impunitate
1110 835 1233 898 per
1259 813 1551 882 Galbam
1578 831 1925 891 concessa,
1954 813 2135 893 leges
2184 812 2489 878 eluderet.
2578 811 2689 878 Et

467 932 850 1002 quanquam
881 917 950 980 in
977 915 1240 980 theatris
1269 915 1689 998 publicisque
1717 913 2169 988 conventibus,
2211 913 2499 978 universi
2538 923 2687 998 po·-‘

465 1017 613 1104 puli
643 1036 808 1083 voce
837 1020 858 1052 ‘
887 1014 976 1080 ad
1003 1012 1254 1080 necem·
1283 1013 1764 1098 deposceretur,
1796 1017 1817 1048 ‘
1840 1013 2035 1096 quasi
2068 1012 2223 1076 Diis
2266 1013 2513 1078 lautius
2554 1031 2679 1078 sa·-

469 1135 658 1188 crum
685 1116 826 1182 fieri
853 1133 986 1179 non
1015 1120 1268 1198 posset,
1289 1133 1491 1197 quam
1522 1112 1581 1176 si
1612 1115 1721 1178 ille
1740 1113 1949 1178 veluti
1976 1113 2341 1196 piacularis
2366 1115 2677 1193 victima,

469 1217 632 1290 odio
659 1217 930 1292 civium,
952 1231 1092 1298 quo
1118 1214 1493 1298 justissime
1518 1213 1889 1289 laborabat,
1919 1213 2359 1278 immolaretur
2378 1213 2419 1293 ς’
2446 1222 2679 1280 tamen

469 1319 716 1402 opibus
741 1322 808 1381 et
833 1316 1124 1399 pecunia
1148 1313 1505 1397 praevaluit
1531 1313 1712 1396 apud
1739 1313 2037 1393 Vinium,
2068 1313 2441 1398 Viniusque
2484 1315 2683 1400 apud

470 1417 786 1494 Galbam,
833 1423 908 1482 ut
947 1433 1081 1484 non
1131 1414 1597 1496 indignissima
1624 1413 1823 1480 modo
1850 1414 2255 1493 defensione,
2286 1415 2405 1480 sed
2426 1417 2691 1480 etvini·-

473 1517 724 1583 dictam
771 1517 1068 1582 Deorum
1120 1515 1591 1596 hominumque
1632 1515 2076 1593 frustraretur,
2119 1515 2335 1582 edicto
2378 1517 2683 1601 populus

473 1617 754 1684 saevitiae
779 1619 1222 1700 increparetur
1248 1635 1290 1679 a
1315 1616 1656 1700 principe:
1704 1607 2197 1698 affirmabatque
2226 1615 2476 1695 Galba,
2498 1620 2679 1682 intra

475 1736 738 1801 paucos
793 1717 962 1794 dies,
1011 1719 1166 1782 tabe
1211 1721 1512 1781 enectum
1566 1717 1649 1780 iri
1705 1715 2141 1798 Tigellinum3
2187 1719 2419 1800 sicque
2464 1718 2689 1784 modo·

477 1817 803 1882 crudelior
827 1817 962 1893 ille,
991 1817 1192 1882 modo
1220 1816 1581 1894 remissior,
1610 1835 1741 1880 non
1766 1818 1913 1882 sine
1941 1813 2261 1882 dedecore
2290 1819 2572 1902 imperii,
2602 1824 2679 1884 et

473 1937 558 1984 ea
583 1923 780 1986 aetate
805 1920 1102 2002 provecti
1127 1917 1473 2002 principis.
1561 1917 1925 1999 Tigellinus
1972 1917 2269 1984 redemta
2296 1920 2505 1984 salute
2550 1919 2677 1984 lae-

476 2027 610 2099 tus,
641 2024 984 2084 sumtuose
1019 2019 1220 2103 epulo
1255 2017 1502 2082 Soteria
1530 2037 1655 2083 sua
1680 2018 2070 2098 celebravit3
2116 2017 2491 2103 Viniusque
2519 2040 2683 2087 con-

477 2138 748 2204 surgens
775 2139 822 2184 a
840 2119 1080 2184 Galbae
1109 2139 1328 2197 coena,
1355 2119 1510 2186 huic
1540 2120 1852 2186 convivio
1872 2118 2163 2184 interfuit
2192 2140 2342 2184 cum
2356 2120 2677 2205 Crispina

475 2220 639 2300 filia,
669 2222 780 2286 cui
809 2241 930 2305 per
955 2223 1216 2286 honoris
1255 2222 1553 2304 speciem
1577 2219 1951 2303 Tigellinus
1978 2220 2163 2286 dedit
2188 2217 2407 2286 decies
2436 2229 2691 2288 sester-·

477 2319 684 2401 tium,¹
713 2340 864 2387 eum
907 2323 1186 2406 gemmis
1213 2326 1277 2388 et
1313 2321 1635 2405 quicquid
1664 2323 1733 2386 in
1760 2339 1963 2387 aureo
1992 2321 2151 2389 colli
2183 2327 2413 2388 ornatu
2438 2323 2679 2392 habuit

477 2423 984 2491 concubinarum
1027 2424 1280 2499 intima,
1309 2430 1451 2491 tum
1480 2441 1740 2506 quoque
1767 2424 1835 2486 in
1861 2443 2091 2492 mensa
2132 2443 2463 2507 praesens,
2490 2428 2676 2490 aesti-

387 2564 398 2571 -
474 2528 724 2591 matum
751 2525 1081 2589 sexcentis
1101 2524 1389 2589 millibus
1419 2524 1855 2589 sestertium-¹¹¹
1942 2523 2123 2601 Quin
2148 2530 2216 2589 et
2238 2524 2559 2591 Halotum
2580 2546 2677 2593 ex

477 2623 788 2689 omnibus
843 2622 1136 2689 Neronis
1199 2624 1564 2687 emissariis
1620 2623 2294 2689 maleficentissimum
2364 2629 2681 2710 praestitit

476 2723 875 2789 incolumem
901 2722 1146 2801 Galba,
1173 2729 1242 2789 et
1266 2724 1727 2808 procuratione
1752 2726 2021 2808 insuper
2046 2726 2461 2809 amplissima
2480 2736 2679 2793 orna-

463 2826 597 2913 ·yit.
643 2845 648 2851 ·
683 2823 729 2889 J
733 2843 842 2889 am
867 2816 1026 2891 vero
1053 2824 1396 2889 ordinibus
1421 2845 1635 2910 prope
1660 2828 1983 2892 universis
2012 2846 2163 2891 eum
2212 2828 2501 2893 invisum
2522 2828 2675 2893 red-

479 2924 648 2993 didit
693 2924 975 2994 avaritia
1016 2943 1100 2993 ac
1149 2926 1402 3003 sordes,
1437 2926 1673 2995 vitium
1720 2926 2041 2991 familiare
2088 2928 2380 3005 senibus,
2426 2928 2545 2993 sed
2604 2930 2679 2993 iu

477 3024 778 3113 principe
804 3046 1082 3091 exosum
1111 3045 1316 3110 quam
1345 3027 1662 3103 maxime,
1690 3032 1757 3091 et
1794 3026 1864 3089 in
1908 3045 2085 3090 novo
2114 3046 2379 3109 quoque
2418 3029 2683 3111 pericu-

479 3126 724 3191 losum.
814 3124 1162 3191 choraulae
1191 3127 1354 3190 mire
1382 3126 1699 3210 placenti,
1731 3126 2029 3191 denarios
2051 3128 2340 3210 quinque
2382 3128 2678 3210 donavit,

477 3226 782 3313 prolatos
829 3246 1028 3293 manu
1077 3246 1203 3291 sua
1241 3246 1280 3290 e
1325 3227 1775 3308 peculiaribus
1802 3228 2039 3293 loculis
2068 3228 2229 3293 suis.
2318 3226 2675 3298 Ordinatio

479 3326 920 3409 dispensatori
955 3327 1352 3395 breviarium
1389 3327 1719 3389 rationum
1768 3325 2081 3405 offerenti,
2108 3328 2538 3415 paropsidem
2584 3333 2679 3397 le·-

479 3426 766 3517 guminis
791 3446 916 3509 pro
941 3426 1292 3493 sedulitate
1321 3443 1405 3489 ac
1435 3426 1779 3507 diligentia
1806 3428 2124 3509 porrexit.
2214 3428 2349 3495 Sed
2378 3431 2677 3515 inprimis

479 3526 928 3613 praecipitavit
967 3545 1074 3591 res
1115 3526 1264 3609 ejus
1307 3527 1577 3608 saevitia
1618 3527 1685 3593 in
1716 3528 1979 3604 milites,
2012 3529 2259 3610 quibus
2290 3550 2445 3595 cum
2474 3530 2677 3597 dona-

481 3627 688 3691 tivum
733 3627 926 3691 solito
955 3626 1274 3709 grandius
1301 3625 1604 3709 praefecti
1648 3629 1937 3709 praetorii
1984 3631 2537 3711 pronuntiassent,
2580 3642 2679 3700 at-

484 3744 618 3817 que
643 3726 742 3791 illi
766 3734 1061 3811 peterent
1089 3728 1348 3803 saltem,
1387 3727 1565 3792 intra
1592 3732 1979 3797 consuetum
2008 3730 2337 3812 prioribus
2362 3732 2677 3819 principi-

483 3826 613 3893 bus
637 3826 931 3907 modum,
962 3846 1232 3912 prorsus
1263 3828 1515 3904 abnuit,
1546 3828 1953 3912 addiditque,
1984 3830 2163 3913 ‘legi
2200 3850 2247 3895 a
2274 3850 2349 3897 se
2374 3834 2673 3917 militem,

1478 4021 1691 4077 NOTAE

562 4146 576 4186 ⁸
606 4150 786 4203 80000.
805 4148 1070 4209 Coronati.
1662 4154 1701 4187 Ι·
1732 4153 1914 4207 16000.
1945 4152 2211 4225 Coronati.
