2893 4742
893 308 1426 361 msromsmm
1479 312 1628 361 mn.
1676 312 1762 363 11.
2272 297 2459 363 72515

247 317 307 371 J.
325 318 387 369 c.
411 319 520 383 σει]

247 456 518 520 abeunti
569 454 916 518 Turulius⁹
967 452 1246 519 Cerialis
1303 475 1454 520 cum
1504 456 1961 540 compluribus
2004 455 2327 532 classicis,
2394 460 2461 519 et

245 555 470 621 Julius
499 555 976 635 Briganticus¹⁰
995 563 1018 589 V
1065 574 1222 619 cum
1251 558 1487 639 paucis
1531 559 1821 642 equiturn
1844 566 1903 620 zw
1948 557 2057 621 hic
2091 558 2459 621 Praefectus

249 658 406 734 alae,
449 656 516 719 in
546 655 826 719 Batavis
855 656 1111 737 genitus
1134 665 1204 736 3¹¹
1251 657 1364 721 ille
1395 659 1833 739 Primipilaris
1862 667 1931 721 et
1958 656 2253 721 Caecinae
2284 657 2457 721 haud

245 760 526 836 alienus,
557 757 738 839 quod
771 758 1033 821 ordines
1062 760 1140 821 in·
1159 758 1519 823 Germania
1545 759 1878 823 duxerat?¹

331 859 442 924 23.
491 858 848 941 Spurinna,
895 866 1234 941 comperto
1277 862 1507 924 itinere
1562 861 1877 937 hostiurn,
1931 858 2269 923 defensam
2298 859 2457 923 Pla-

243 961 586 1037 centiam,¹
636 980 919 1043 quaeque
971 969 1144 1038 acta,
1204 968 1270 1024 et
1315 961 1476 1046 quid
1530 960 1808 1025 Caecina
1845 970 2129 1045 pararet,
2160 959 2455 1025 Annium

245 1062 519 1127 Gallum
549 1082 664 1145 per
691 1063 918 1125 literas
947 1063 1164 1128 docet.
1256 1064 1497 1128 Gallus
1524 1064 1852 1145 legionem
1877 1064 2159 1145 primam
2186 1063 2255 1126 in
2284 1082 2455 1127 aux—

239 1165 436 1229 ilium
464 1165 830 1229 Placentiae
881 1164 1189 1243 ducebat,
1235 1166 1491 1230 diffisus
1533 1166 1899 1250 paucitate¹
1952 1164 2337 1242 cohortium,
2368 1184 2453 1229 ne

245 1356 521 1405 Cremonam
557 1370 755 1418 pergere
775 1354 1002 1403 decrevit.
1069 1354 1152 1403 Illi
1177 1354 1432 1404 discedenti
1470 1356 1687 1404 dedidere
1715 1369 1814 1403 sese
1840 1354 2081 1403 Turullius
2104 1354 2322 1415 Cerialis,
2345 1370 2451 1403 cum

239 1422 403 1469 multis
421 1420 698 1478 classiariis,
718 1424 767 1467 et
788 1418 951 1468 Julius
973 1418 1302 1479 Briganticus,
1319 1434 1424 1469 cum
1445 1420 1608 1481 paucis
1638 1417 1885 1481 equitilms,
1920 1419 1999 1466 hic
2032 1419 2309 1480 prepositus
2345 1421 2452 1480 ala,

237 1486 365 1545 apud
389 1485 600 1533 Batavos
615 1490 784 1541 mnis,-
825 1484 906 1532 illc
933 1484 1268 1546 primipilaris,
1290 1489 1337 1532 et
1378 1484 1580 1533 Coecinoe
1600 1484 1725 1533 houd
1747 1482 1957 1545 iniquus,
1980 1484 2095 1545 guod
2111 1482 2165 1530 in
2188 1482 2452 1533 Germania

238 1548 478 1611 stipendia
499 1554 752 1597 meruerat.

309 1612 566 1674 Spurinna,
599 1612 789 1673 cognita
809 1611 889 1660 oia
930 1610 1155 1671 hostium,
1200 1613 1392 1661 nuntiat
1434 1628 1521 1674 per
1556 1611 1777 1673 epistola
1817 1610 1977 1659 Annio
2012 1608 2173 1672 Gallo,
2216 1617 2450 1659 matum

247 1678 554 1737 Placentiam,
573 1690 761 1741 quaque
777 1676 1016 1737 gessisset,
1052 1680 1100 1725 et
1136 1676 1248 1737 quid
1295 1678 1487 1725 Coecina
1523 1676 1751 1737 agitaret.
1820 1675 1988 1724 Gallus
2024 1674 2219 1723 ducebat
2242 1675 2449 1737 primam

235 1742 467 1803 legionem
500 1742 551 1789 iu
571 1740 830 1789 subsidium
851 1740 1129 1801 Placentia,
1165 1747 1374 1791 μεινεκε
1403 1740 1569 1803 paucis
1592 1740 1689 1788 illis
1710 1738 1991 1803 cohortibus,
2012 1754 2070 1788 ne
2082 1754 2255 1803 porum
2270 1745 2450 1789 susten·

1193 1834 1250 1854 OO
1257 1834 1518 1855 OO‘OOOOOO

241 1901 396 1951 Corb.
423 1900 600 1951 Guelf.
624 1900 878 1950 editiones
899 1908 1104 1950 veteres
1127 1908 1184 1951 et
1202 1900 1535 1949 recentiores.
1604 1899 1912 1959 Beroaldus,
1942 1899 2181 1947 tradidere
2216 1914 2281 1948 se.
2315 1898 2447 1947 Bro-

239 1966 458 2015 tier.—9
496 1966 598 2014 Ms.
621 1964 772 2014 Bodl.
796 1964 1077 2014 Tur-rullius.
1117 1966 1219 2013 Ms.
1247 1964 1396 2012 Harl.
1433 1964 1709 2012 Tumllius.
1776 1962 1839 2011 In
1864 1962 2119 2012 veteribus
2142 1962 2446 2023 Inscriptio-

235 2028 385 2077 nibus
415 2034 768 2077 memorantur
795 2041 1066 2077 ‘rvnvmvs
1113 2037 1170 2077 et
1211 2032 1637 2077 ‘rvnvnnue-lo
1671 2028 1877 2077 Puteol.
1898 2026 2092 2075 Alciat.
2130 2034 2186 2075 et
2209 2027 2295 2075 alii
2320 2027 2447 2075 Bre-

241 2094 622 2157 ganticus.-ll
664 2094 868 2147 Gemitus
889 2094 1037 2141 abest
1061 2108 1092 2141 a
1115 2092 1220 2141 Ms.
1245 2091 1402 2139 Coi-b.

301 2162 326 2205 1
364 2157 452 2205 Ita
497 2156 624 2211 Mss.
669 2154 814 2205 Harl.
857 2155 1007 2204 Bodl.
1041 2156 1155 2206 Jes.
1193 2154 1367 2204 Guelf.
1403 2154 1722 2207 Puteolanus
1748 2158 1803 2202 et
1825 2152 2157 2203 recentiores.
2225 2154 2287 2202 ln
2312 2153 2439 2202 Mos.

241 2222 367 2286 Reg.
413 2220 571 2270 Corb.
612 2227 668 2271 et
705 2220 933 2269 editione
958 2220 1211 2283 principe,
1229 2218 1497 2282 paucitati.-
1530 2226 1585 2267 et
1621 2220 1696 2268 sic
1720 2217 2014 2269 Gronovius
2038 2224 2094 2267 et
2126 2217 2443 2281 Ryckius.-

1237 2362 1452 2416 NOTAE

235 2489 442 2540 fortuna
467 2491 749 2542 detulisset.
790 2491 1015 2542 Sacilius.

1379 2505 1483 2554 um,
1505 2491 1681 2540 excita
1714 2490 1835 2540 olim
1857 2503 1888 2538 a
1908 2489 2143 2550 Vitellio,
2180 2486 2369 2536 deinde
2386 2486 2439 2535 in

301 2573 320 2601 V
351 2567 516 2615 Julius
535 2567 874 2631 Briganticus]
937 2568 1040 2618 Qui
1057 2581 1122 2616 ex
1143 2581 1298 2616 sorore
1379 2573 1556 2629 partes
1580 2565 1888 2635 Vespasiani
1912 2562 2261 2627 transgressa.'
2286 2561 2441 2612 Quod

237 2642 404 2690 Ciuilis
418 2648 600 2701 natns;
622 2641 776 2705 infra,
798 2643 938 2693 Hist.
959 2657 1034 2693 nr.
1053 2648 1136 2694 70.
1173 2659 1298 2706 pra-

231 2722 332 2766 erat
360 2717 455 2766 alae
471 2717 804 2780 singularium
835 2719 1006 2769 Julius
1034 2717 1296 2782 Briganti-

231 2807 320 2842 cns
361 2807 518 2841 sorore
573 2793 746 2842 Civilis
781 2794 975 2854 genitus
999 2829 1012 2843 .
1035 2829 1048 2843 .
1077 2829 1090 2843 .
1109 2794 1291 2842 invisus

229 2869 450 2918 avunculo
499 2867 812 2930 infensusque.
880 2869 985 2917 Hic
1036 2883 1153 2918 cnm
1205 2868 1290 2916 ala

225 2944 329 2992 ista
347 2943 398 2992 in
410 2943 710 3006 Vespasiani
727 2951 904 3007 partes
920 2949 1291 3006 transgressae,

231 3033 350 3069 mox
390 3018 528 3068 bello
577 3020 755 3069 Civilis
808 3021 1006 3071 occisus
1045 3027 1126 3070 est
1163 3022 1287 3071 Tse.

233 3107 288 3144 v.
307 3099 390 3145 21.

289 3175 324 3204 ¹·
359 3171 480 3218 Cum
513 3171 680 3232 paucis
729 3171 960 3234 equitum]
995 3173 1154 3222 Forte
1185 3185 1288 3221 non

231 3243 328 3294 toti
349 3245 448 3293 alas
485 3243 698 3309 praefuit
737 3247 1090 3310 Briganticus,
1132 3253 1222 3296 aut
1245 3247 1288 3296 si

231 3326 390 3370 totam
411 3321 544 3370 alam
561 3321 758 3379 habuit,
781 3323 935 3386 pauci
955 3323 1154 3387 equites
1169 3337 1286 3372 cnm

227 3398 336 3461 ipso
354 3395 596 3447 defecere
620 3399 686 3446 ad
711 3399 970 3448 Caecinam
993 3413 1085 3448 seu
1123 3399 1287 3448 Vitel-

225 3475 360 3540 lium,
372 3474 535 3523 ceteri
547 3487 780 3524 mansere
797 3475 846 3522 in
862 3473 1109 3539 obsequio
1121 3475 1288 3524 Otho·

223 3550 316 3598 nis.
384 3550 543 3599 Certe
563 3549 860 3612 conscripta
877 3555 958 3598 est
977 3552 1058 3597 alu
1077 3551 1286 3612 surculu-

223 3626 346 3675 rium
369 3627 634 3675 aVitellio
649 3627 702 3674 in
728 3626 1030 3684 Germanis,
1058 3641 1174 3674 cnm
1198 3641 1282 3674 ex·

227 3701 432 3767 pediret
454 3702 599 3764 ipse3
637 3711 694 3750 et
717 3701 817 3763 ipsi
839 3701 936 3750 slae
961 3700 1170 3764 prefuit
1191 3702 1282 3752 Ju-

221 3779 316 3828 lius
331 3778 433 3828 iste
453 3777 802 3841 Briganticus,
824 3777 914 3826 sed
951 3785 1133 3840 postea
1157 3785 1282 3828 tem-

223 3867 378 3920 poris.

285 3933 399 3982 Nee
439 3917 621 3980 habuit
663 3931 832 3982 Julius
877 3930 1014 3978 illam
1059 3932 1192 3979 alam
1227 3930 1280 3980 in

225 4007 395 4070 Italia,
444 4007 534 4072 qni
577 4013 698 4056 ante
755 4005 1034 4056 adventum
1079 4007 1278 4054 Vitellii

221 4089 275 4132 et
295 4083 540 4144 Caecinae,
559 4083 614 4131 in
637 4081 868 4146 partibus
887 4083 1110 4132 Othonis
1125 4087 1280 4132 esset.

223 4158 360 4212 Hist.
382 4173 460 4210 ιν.
480 4162 565 4210 70.
596 4159 612 4186 ‘
630 4156 870 4208 Accessit
907 4157 992 4206 als
1008 4157 1278 4222 singulari-

1377 2641 1507 2691 fecit
1524 2641 1711 2702 Julius,
1744 2641 1862 2690 odio
1880 2640 2059 2689 Civilis
2084 2638 2322 2687 avunculi
2340 2638 2440 2700 sui,

1375 2720 1465 2782 qui
1486 2719 1537 2766 in
1560 2719 1673 2766 aliis
1702 2725 1795 2767 aut
1814 2723 1961 2766 certe
1984 2716 2033 2762 in
2058 2715 2160 2762 suis
2184 2715 2437 2775 partibus.

1439 2799 1467 2826 ¹
1504 2793 1709 2840 Ordines
1742 2794 1797 2840 in
1828 2790 2093 2839 Germania
2110 2787 2341 2848 duxerat]
2374 2789 2397 2837 1
2404 2789 2437 2836 d

1367 2874 1470 2929 est,
1492 2881 1675 2916 munus
1697 2865 1957 2930 Primipili
1990 2863 2321 2915 centurionis
2352 2863 2440 2912 ob-

1369 2943 1613 2994 tinuerat.
1681 2945 1803 2994 Non
1826 2942 1915 2990 din
1948 2947 2125 2990 tamen
2158 2952 2360 2988 merere
2383 2939 2437 2987 in

1371 3020 1651 3072 Germania
1674 3020 1843 3084 potnit
1882 3033 2001 3068 cum
2032 3017 2279 3066 Caecina:
2314 3029 2435 3064 nam

1369 3099 1581 3149 Coecins
1617 3097 1806 3160 legioni
1830 3096 2099 3160 impositus
2121 3101 2231 3144 erat
2255 3107 2285 3140 a
2308 3092 2435 3142 Gal-

1370 3175 1434 3224 ba
1452 3189 1637 3239 nuper,
1677 3189 1793 3224 cnm
1833 3171 2107 3236 expediret
2130 3169 2185 3218 in
2210 3168 2431 3218 Italiam.

1367 3252 1615 3302 Quaestor
1656 3258 1771 3300 erat
1826 3249 2034 3298 Coecina
2074 3248 2126 3296 in
2162 3245 2437 3308 Hispania,

1369 3341 1487 3376 cnm
1526 3328 1577 3376 in
1618 3325 1951 3376 Germaniam
1982 3325 2163 3372 missus
2186 3330 2267 3372 est
2279 3321 2433 3384 jussu

1369 3403 1573 3464 Galbae,
1590 3410 1642 3451 et
1663 3416 1756 3466 per
1776 3416 1867 3450 sex
1886 3415 2083 3448 menses
2100 3397 2309 3449 Caecina
2330 3411 2433 3446 non

1367 3478 1589 3540 amplius
1612 3477 1801 3527 meruit
1824 3476 1875 3526 in
1901 3475 2203 3525 Germania.

1433 3555 1503 3603 Et
1528 3554 1658 3617 jam,
1693 3559 1813 3602 ante
1859 3553 2136 3601 adventum
2188 3545 2449 3610 Caecinoes

1367 3631 1667 3678 versabatur
1704 3629 1791 3677 ille
1827 3624 2156 3691 primipilaris
2178 3623 2227 3670 in
2254 3624 2429 3684 Italia,

1365 3713 1420 3753 et
1443 3705 1651 3769 quidem
1694 3718 1791 3766 pro
1832 3703 2057 3752 Othone.
2126 3698 2228 3748 Sed
2254 3699 2427 3761 primi-

1365 3782 1513 3844 pilari
1562 3779 1851 3830 sufficiebat
1898 3778 2145 3842 cognitio,
2177 3773 2333 3834 fama,
2370 3780 2428 3822 et

1245 3880 1268 3898 e
1360 3855 1511 3906 favor
1534 3859 1584 3905 in
1622 3855 2057 3906 Germaniciana&
2084 3851 2331 3914 legiones,
2367 3855 2427 3898 ut

1359 3932 1537 3980 statim
1560 3930 1819 3980 transiret.

1423 4014 1445 4049 5
1479 4007 1723 4070 Spurinna
1762 4008 2013 4069 comperto,
2055 4005 2137 4066 ξε.
2188 3999 2425 4060 defensans

1359 4082 1679 4144 Placentiam]
1722 4082 1845 4146 Ipse
1887 4077 2211 4129 Placentiam
2244 4075 2426 4124 defen-

1358 4157 1511 4247 derat
1533 4159 1779 4210 adversus
1795 4155 2093 4216 Caeeinam3
2137 4153 2193 4204 id
2214 4153 2424 4204 nuntiat
