2893 4742
272 388 335 442 J.
360 388 425 441 c.
444 386 557 453 ea]
2311 366 2484 433 2681

276 526 347 591 θ’
394 526 711 604 Moesia,'
764 528 787 559 ‘
810 524 1085 589 eandem
1133 524 1653 589 obstinationem
1683 521 2100 587 adventantis
2127 524 2486 601 exercitus,

274 627 601 711 legiones*
631 626 1015 710 Aquileiam
1058 624 1476 707 ingressa8,'⁸
1503 626 1894 689 nuntiabant
1921 646 1937 689 z
1983 630 2054 689 ut
2074 644 2276 701 nemo·
2295 622 2487 701 dubi-

954 380 1492 431 ms'romantm
1543 382 1693 431 mn.
1742 382 1827 431 11.

274 783 471 848 Mesia,
490 782 757 843 referebant
780 783 994 833 eandem
1012 783 1352 846 pervicaciam
1366 782 1690 832 advenientis
1707 782 1939 846 agminis,
1953 782 2184 845 legiones
2197 781 2486 846 Aquileiam

1206 905 1558 925 ‘O‘OO‘OOOOO‘

274 977 557 1023 Μαι-8
590 973 675 1024 Sic
690 973 825 1023 bene
848 974 969 1025 libri
991 974 1174 1039 scripti
1198 980 1253 1025 et
1285 972 1429 1039 editi,
1450 978 1644 1037 praeter
1665 972 1988 1037 Rhenannm,
2027 972 2114 1038 qni
2149 970 2320 1023 omisit
2353 986 2484 1036 proe-

280 1038 614 1101 positionem.
662 1039 873 1091 Brotier.

1264 1146 1480 1201 NOTAE

342 1258 377 1285 '¹
408 1252 659 1303 Pmissi
678 1270 705 1303 e
724 1252 919 1319 Μυσία]
952 1254 1035 1305 lbi
1052 1254 1213 1319 juxta
1234 1254 1341 1305 dis-
1420 1264 1476 1306 te
1497 1258 1656 1308 etiam
1677 1258 1928 1323 premissi
1945 1264 2070 1308 sunt
2081 1258 2218 1308 electi
2233 1274 2262 1307 e
2279 1257 2486 1321 Ninaia,

274 1326 449 1379 uident
492 1335 732 1379 auctores
790 1331 843 1379 iu
897 1332 1129 1394 historia,
1180 1338 1341 1397 atque
1421 1346 1516 1381 aen
1553 1334 1812 1397 vexillarii,
1857 1333 2288 1399 quemadmodum
2323 1340 2380 1383 et
2417 1346 2484 1383 ex

272 1400 375 1464 ipsi
421 1402 561 1452 cives
598 1403 757 1453 bello.
812 1404 967 1454 Aliud
1012 1408 1141 1456 dicit
1172 1408 1339 1457 Tacit.
1421 1406 1534 1457 aliis
1575 1410 1910 1474 exercitibus,
1939 1411 2026 1473 qui
2059 1424 2090 1459 a
2119 1416 2269 1472 tergo
2290 1408 2482 1471 Italiae,

266 1478 417 1528 aliud
452 1480 603 1529 Suet.
622 1482 778 1530 Teste
801 1482 1006 1546 Tacito,
1025 1484 1177 1533 missa
1198 1484 1339 1533 auxi·
1421 1484 1668 1546 praemissi
1693 1484 1900 1537 fuerant
1925 1502 1938 1535 ε
1973 1486 2062 1535 sed
2083 1492 2210 1549 quot
2232 1484 2484 1547 praemissi

270 1554 343 1605 lia
365 1556 567 1605 Othoni
602 1572 669 1606 ex
690 1558 951 1609 Dalmatia
980 1568 1034 1609 et
1054 1560 1339 1625 Pannonia,

276 1644 467 1695 nempe
507 1624 620 1681 biae
655 1634 809 1683 mulia
827 1652 848 1693 ,·
892 1636 1140 1698 praemissi
1179 1636 1336 1685 etiam

276 1720 343 1755 ex
364 1708 567 1758 Moesia.
634 1710 705 1757 Et
722 1708 983 1759 referente
998 1712 1145 1760 Suet.
1170 1714 1185 1741 ‘
1206 1712 1336 1761 Μω-

274 1782 399 1833 siaci
423 1786 685 1835 exercitus
705 1786 825 1835 bina
859 1801 891 1836 e
928 1787 1093 1837 tribus
1130 1788 1337 1853 legioni-

274 1858 373 1909 bus
394 1860 555 1911 millia
574 1862 761 1924 missa,'
782 1866 884 1913 &c.

338 1937 499 1987 Certe
520 1939 657 2003 quod
676 1941 863 1991 asserit
879 1940 1091 1991 Tacitus
1114 1941 1179 1991 tie
1199 1942 1335 1991 Pan-

272 2013 431 2061 nonia
452 2021 509 2062 et
540 2016 827 2079 Dalmatia,
864 2014 919 2065 id
952 2016 1129 2067 dicere
1150 2018 1369 2075 Suetm,

272 2088 389 2137 nius
410 2088 619 2139 videtur
654 2091 723 2141 de
760 2091 981 2153 Μυσίας
1008 2092 1169 2154 juxta
1188 2092 1336 2141 Taci-

272 2172 385 2215 tum
408 2168 547 2216 missi
580 2182 647 2217 ex
681 2168 971 2233 Pannonia,
1004 2170 1103 2219 &c.
1148 2169 1336 2233 prelio

274 2238 469 2292 affuere
494 2258 509 2293 ι
564 2244 819 2307 praernissi
862 2259 929 2294 ex
976 2245 1185 2307 Mopsia,
1231 2258 1336 2295 non

271 2317 516 2369 videntur
543 2318 771 2386 affuisse,
790 2321 833 2369 si
847 2321 1055 2386 quidem
1078 2322 1131 2371 in
1154 2322 1337 2374 castris

268 2394 487 2446 Othonis
520 2405 674 2448 erant
694 2398 817 2448 dum
841 2405 1176 2462 pugnaretur.

336 2471 491 2522 Forte
528 2473 601 2522 ibi
638 2476 831 2524 retenti
856 2481 1025 2538 erant,
1052 2475 1137 2523 vel
1160 2479 1333 2524 umen

256 2549 367 2612 jam
392 2565 457 2600 ex
480 2551 661 2615 praelio
690 2553 1011 2604 advenerant
1030 2554 1265 2605 nonnulli
1280 2555 1334 2603 in

268 2633 440 2676 castra
462 2627 701 2678 Othonis.

332 2703 463 2752 Cum
486 2703 609 2752 nibil
632 2703 773 2753 dicat
792 2705 1005 2754 Sueton-
1026 2705 1095 2754 de
1124 2705 1331 2756 Panno-

266 2775 351 2826 nia
395 2777 781 2843 Dalmatiaque,
814 2779 1089 2830 confimdit
1110 2779 1247 2830 forte
1268 2782 1330 2830 il-

262 2853 339 2900 los
383 2853 641 2904 exereitus
687 2855 969 2904 Pannonia
1002 2861 1059 2904 et
1088 2857 1286 2906 Moesiae
1312 2873 1327 2918 ;

264 2937 321 2978 et
364 2931 501 2994 quod
544 2931 732 2981 tribuit
770 2932 982 2983 Tacitus
1023 2933 1331 2998 Pmnonioe,

260 3005 319 3055 id
338 3007 427 3058 ille
450 3007 638 3059 tribuit
654 3010 873 3060 Moesiae.

325 3083 571 3134 Praemissi
610 3099 637 3134 e
681 3086 885 3149 Μυσία]
932 3086 1089 3148 Cepit
1130 3085 1326 3150 interp.

262 3159 405 3210 Gall.
431 3162 581 3226 quasi
600 3161 655 3212 hi
688 3163 921 3226 premissi
956 3163 1129 3213 forent
1150 3179 1179 3212 a
1202 3165 1330 3227 legi·

260 3235 458 3298 onibus,
502 3247 565 3287 ut
602 3238 729 3288 talia
763 3240 1061 3288 nuntiarent
1092 3239 1325 3290 Othoni:

264 3311 405 3374 quod
429 3311 631 3362 falsum.
702 3313 775 3363 Hi
800 3315 1049 3378 premissi,
1070 3317 1327 3366 vexillarii

260 3395 413 3435 eraut
436 3387 716 3452 legionum,
758 3390 847 3453 qui
886 3389 1023 3454 ipsas
1046 3403 1326 3454 proecesse-

260 3467 379 3508 rant
399 3477 413 3510 ι
436 3467 493 3511 et
508 3461 619 3524 jam
646 3469 801 3512 antea
814 3479 933 3514 cum
956 3465 1167 3515 Othone
1188 3465 1326 3517 forte

258 3535 475 3586 Brixelli
500 3539 688 3602 partlm
724 3547 891 3604 erant,
922 3540 1116 3606 partim
1144 3543 1325 3606 proelio

262 3609 533 3663 affuerant.

324 3687 571 3737 Proemim'
592 3704 616 3738 e
640 3689 833 3753 Moesia]
870 3690 1233 3757 Intelligebam
1254 3693 1325 3745 de

254 3761 454 3813 dnobus
472 3763 699 3814 millibus
716 3781 831 3830 quae
846 3779 1005 3830 supra
1028 3769 1321 3832 premissa:

252 3846 308 3888 et
322 3847 469 3892 certe
482 3840 614 3891 dicit
630 3841 862 3904 Tacitus,
885 3843 988 3893 duo
1008 3846 1165 3896 millia
1188 3861 1321 3911 prn-

252 3917 403 3964 missa
425 3929 540 3966 esse
560 3931 591 3966 e
617 3918 881 3967 Dalmatia
914 3917 1283 3986 Pannoniaque
1304 3939 1320 3972 ι

252 3999 307 4040 at
329 4005 359 4040 e
384 3991 573 4042 Moesia
592 4001 719 4058 quot
742 3994 882 4042 missi
904 4001 1042 4057 sunt,
1072 4009 1171 4045 non
1188 3997 1324 4048 affir-

253 4071 375 4117 mat.
444 4067 521 4117 Ut
542 4075 603 4117 nt
634 4069 721 4131 sit,
756 4069 829 4118 ini
852 4071 1101 4133 praernissi
1122 4075 1321 4124 numeri

248 4143 509 4206 legionum
535 4153 592 4193 et
622 4146 783 4195 electi
822 4152 1015 4208 erant;
1050 4162 1321 4211 provene-

252 4224 479 4284 rantque
494 4233 657 4285 grave
674 4221 933 4286 legionum
954 4238 1159 4289 agmen.
1196 4227 1320 4277 Cer-

1420 1560 1528 1609 sint
1549 1574 1614 1609 ex
1639 1562 1846 1625 Maesia,
1863 1577 1964 1611 non
1983 1560 2108 1611 satis
2135 1562 2320 1625 liquet.
2383 1560 2484 1611 Dl-

1416 1634 1492 1684 cit
1525 1636 1670 1685 Suet.
1704 1637 1966 1700 praemissa
1985 1635 2142 1685 fuisse
2165 1636 2284 1685 bina
2303 1635 2482 1685 millia.

1413 1711 1542 1762 Tac.
1565 1711 1632 1763 de
1651 1728 1862 1762 numero
1901 1713 2041 1763 silet.
2099 1711 2360 1777 Quicquid
2395 1710 2486 1775 sit,

1408 1788 1647 1849 premissi
1667 1800 1728 1837 ex
1751 1790 1922 1837 Moesiu
1961 1787 2177 1837 aderant
2211 1789 2266 1836 in
2296 1787 2480 1837 castris

1418 1862 1658 1924 Othonis,
1713 1862 2122 1913 exhortabantur
2187 1864 2484 1913 monebant-

1415 1952 1518 2000 que
1565 1938 1846 1989 adventare
1883 1940 2144 2002 integrum
2173 1939 2480 1989 exercitum.

1414 2017 1708 2067 Verisimile
1729 2026 1812 2067 est
1824 2021 2087 2081 premissos
2108 2018 2232 2067 istos
2247 2033 2273 2067 e
2291 2018 2482 2081 Moesiu,

1414 2104 1519 2139 non
1563 2092 1692 2143 alios
1725 2106 1842 2141 esse
1872 2108 1903 2141 a
1930 2094 2192 2157 premissis
2235 2108 2302 2142 ex
2339 2094 2479 2143 Pan·

1416 2167 1572 2217 nonia
1611 2168 1996 2233 Delmatisque,
2035 2175 2090 2217 et
2125 2169 2196 2217 ibi
2229 2167 2480 2219 confundi

1416 2250 1634 2305 propter
1665 2244 1984 2295 vicinitatem
2017 2244 2400 2310 provinciarum
2423 2254 2482 2297 et

1416 2318 1694 2382 legionum.
2091 2364 2116 2386 0

1483 2401 1510 2428 ¹
1540 2396 1793 2462 Legiones]
1841 2398 1930 2449 De
1951 2397 2156 2447 Moesioe
2190 2397 2480 2462 legionibus

1416 2469 1579 2520 tribus
1614 2472 1862 2536 loquitur,
1895 2473 1962 2523 de
1987 2473 2173 2538 quibus
2192 2473 2290 2524 hoc
2308 2475 2478 2538 ipsum

1414 2546 1552 2597 infra
1575 2565 1590 2598 z
1647 2549 1662 2575 ⁴
1690 2549 1986 2614 Aquileiam
2031 2550 2141 2614 jam
2173 2563 2482 2614 progresso,

1416 2632 1566 2687 rapta
1589 2626 1810 2688 pecunia
1829 2633 1884 2676 et
1905 2626 2042 2676 inter
2063 2640 2120 2676 se
2139 2625 2322 2690 divisa,
2361 2625 2478 2676 hosa-

1414 2699 1576 2748 tiliter
1593 2701 1843 2763 egerunt?

1477 2775 1596 2825 Hoc
1613 2790 1676 2826 eo
1697 2783 1842 2838 noto,
1887 2776 2024 2841 quod
2049 2777 2100 2824 in
2121 2777 2370 2828 Suetonio
2389 2778 2478 2828 eli-

1411 2857 1494 2900 ter
1528 2853 1689 2914 legas,
1731 2859 1788 2902 et
1823 2853 2080 2902 duntaxat
2123 2853 2138 2878 ‘
2164 2853 2284 2900 bina
2315 2865 2380 2902 ex
2415 2855 2477 2902 iis

1408 2927 1700 2990 legionibus
1753 2927 1912 2977 millia
1963 2927 2262 2992 praemiss&
2313 2927 2478 2992 Aqui·

1406 3005 1561 3054 leiam
1587 3004 1804 3066 venisse,
1823 3005 1878 3052 in
1907 3005 2067 3068 Vesp.
2097 3009 2148 3054 6.
2193 3006 2210 3032 ⁴
2238 3005 2476 3056 Moesiaci

1408 3081 1670 3130 exercitus
1689 3081 1808 3130 bina
1823 3095 1854 3130 e
1871 3079 2036 3130 tribus
2059 3080 2346 3144 legionibus
2361 3081 2476 3130 mil·

1406 3156 1476 3204 lia
1498 3157 1653 3206 missa
1681 3157 1875 3206 auxilio
1905 3157 2120 3206 Othoni.
2187 3158 2475 3230 Postquam

1408 3232 1512 3281 iter
1553 3233 1796 3296 ingressis
1827 3233 2119 3284 nuntiatum
2153 3239 2253 3296 est,
2281 3233 2474 3284 victum

1406 3323 1546 3371 enm,
1565 3324 1626 3358 ac
1647 3311 1748 3360 vim
1769 3310 1888 3360 vitae
1906 3325 2012 3360 suaa
2031 3311 2290 3373 attulisse,
2317 3311 2478 3360 nihilo

1406 3387 1574 3436 secius
1599 3385 1889 3450 Aquileiam
1913 3401 2076 3452 usque
2110 3401 2474 3450 perseverave-

1404 3471 1548 3524 runt,
1571 3465 1718 3528 quasi
1751 3463 1942 3512 rumori
1967 3463 2136 3512 minus
2159 3461 2478 3526 crederent,'

1406 3548 1464 3588 et
1481 3539 1650 3602 addit,
1681 3545 1976 3589 metuentes
1995 3539 2266 3606 ultionem,
2290 3539 2356 3590 de
2373 3541 2476 3590 alio

1404 3614 1722 3678 imperatore
1737 3614 2014 3678 cogitasse.

1469 3689 1576 3739 Sed
1599 3704 1782 3740 vereor
1803 3697 1863 3740 ut
1883 3691 2161 3741 Suetonius
2189 3693 2470 3744 hallucine-

1404 3770 1490 3814 tnr
1510 3767 1562 3814 in
1581 3765 1759 3815 duobus
1777 3765 1998 3829 millibus,
2011 3769 2098 3831 qui
2121 3782 2224 3816 non
2241 3782 2272 3816 e
2295 3768 2474 3818 Moesi·

1401 3842 1494 3906 cis,
1520 3841 1612 3891 sed
1647 3856 1676 3891 e
1711 3842 2024 3892 Pannonicis
2056 3841 2470 3906 Dalmaticisque

1398 3917 1584 3977 suere;
1619 3918 1695 3968 ita
1719 3919 1856 3970 enim
1880 3917 2018 3968 idem
2037 3917 2254 3968 Tacitus
2269 3931 2426 3982 supra
2453 3935 2468 3969 z

1403 3997 1420 4023 ⁴
1444 3995 1569 4045 laeta
1612 3993 1810 4045 Othoni
1843 3994 2102 4058 principia
2132 3993 2274 4054 belli,
2313 3994 2469 4048 motis

1403 4075 1472 4124 ad
1493 4074 1767 4138 imperium
1791 4075 1902 4136 ejus
1925 4088 1956 4123 e
1979 4072 2248 4123 Dalmatia
2263 4071 2470 4124 Panno·

1402 4152 1592 4214 uiaque
1613 4149 1946 4203 exercitibus.
1967 4149 2136 4198 Fuere
2159 4155 2383 4213 quatuor
2401 4150 2472 4200 ie-

1402 4228 1582 4291 giones
1603 4241 1634 4276 e
1651 4226 1836 4292 quibus
1851 4226 1978 4278 bina
1989 4225 2150 4280 millia
2163 4228 2467 4293 prmissa:
