2893 4742
915 391 1022 448 ιτ·
1047 387 1449 449 succussit>
1498 388 1791 450 etnam.
2228 371 2417 450 214¹?

205 543 427 621 animi,
454 547 524 608 et
551 539 755 625 cujus
786 527 1004 624 jussu'
1028 529 1318 604 armatos
1349 557 1424 604 se
1452 525 1937 623 ostentarent?
1960 526 2103 608 tum
2128 525 2406 630 respon-

201 645 352 711 dere
409 659 666 720 omnes,
723 645 774 677 ⁸·
803 659 876 705 se
923 661 1054 706 non
1111 642 1318 706 alium
1343 635 1348 640 ’
1375 647 1767 726 accepturos
1836 644 2234 728 principem,
2276 645 2409 710 nisi

197 741 542 812 Galbam!
627 741 1104 828 Nymphidius,
1133 749 1491 829 perspecto
1519 737 1839 834 periculo,
1866 746 1935 809 in
1978 746 2240 810 illorum
2280 745 2410 813 ivit

195 847 616 924 sententiam,
645 851 716 910 et
744 849 768 879 ‘
793 843 1036 909 Galbae
1083 845 1364 908 salutem
1413 861 1497 908 ac
1542 841 1890 929 prospera'
1913 851 2221 928 precatus
2261 853 2409 929 est}

197 946 322 1012 ille·
341 945 549 1012 simul
588 963 752 1034 snos
795 945 970 1010 idem
1011 946 1390 1012 acclamare
1428 943 1655 1030 jussit.
1743 941 1857 1010 Ab
1898 947 2209 1010 excubiis
2250 965 2407 1030 ergo

199 1046 288 1111 ad
313 1053 556 1130 portas
593 1045 926 1110 admissus
955 1047 1107 1110 cinn
1133 1045 1376 1130 paucis
1404 1061 1693 1124 suorum,
1721 1047 1792 1110 in
1826 1046 2128 1130 ingressu
2168 1049 2411 1114 lancea

195 1149 462 1232 petitur,
495 1147 826 1231 Septimio
849 1147 1138 1230 quodam
1165 1153 1430 1212 scutum
1476 1143 1856 1230 objiciente.
1940 1147 2074 1213 Sed
2123 1167 2277 1214 cum
2306 1149 2407 1215 vi³

200 1249 384 1314 deret
409 1255 510 1313 tot
535 1250 802 1314 strictos
830 1249 901 1312 in
917 1257 1004 1312 se
1031 1247 1290 1331 gladios
1319 1247 1535 1330 dirigi,
1562 1245 1751 1329 fugit,
1768 1247 2265 1331 insequentibus
2292 1249 2408 1334 qui

201 1367 352 1416 eum
381 1351 455 1413 in
479 1349 712 1413 militis
733 1350 1014 1414 tentorio
1037 1350 1372 1412 necarunt.
1434 1347 1873 1414 Illuceseente
1888 1347 1999 1412 die
2024 1350 2408 1432 expositum

202 1449 482 1534 publico
509 1449 796 1514 cadaver
819 1457 946 1525 est,
993 1447 1607 1530 indignantiumque
1645 1447 2088 1514 contumeliis,
2176 1447 2407 1516 Galba

204 1551 434 1616 andita
459 1552 529 1616 in
555 1550 791 1638 itinere
819 1548 1219 1634 Nymphidii
1248 1552 1482 1626 morte,
1508 1549 1582 1612 in
1625 1549 1847 1614 socios
1892 1549 2403 1633 conspirationis

203 1649 508 1715 caedibus
575 1655 909 1731 grassatus
949 1655 1098 1730 est3
1139 1649 1210 1713 in
1251 1649 1497 1731 quibus
1541 1652 1609 1712 et
1634 1647 2055 1714 Mithridates
2082 1647 2407 1716 Ponticus

205 1751 468 1817 ludibrii
497 1751 604 1815 sui
629 1751 916 1834 pretium
940 1749 1110 1826 tulit,
1153 1755 1222 1814 et
1249 1747 1615 1830 Cingonius
1642 1747 1868 1814 Varro
1906 1749 2209 1814 formatae
2254 1769 2405 1816 ora·

208 1853 435 1917 tionis.
521 1849 696 1915 Oum
715 1852 867 1916 urbi
893 1849 1489 1936 appropinquaret,
1518 1849 1604 1914 ad
1632 1849 1916 1915 Pontem
1944 1848 2255 1915 Milvium
2282 1851 2407 1917 ob·

203 1952 486 2018 tulerunt
509 1969 586 2014 se
613 1949 966 2029 classiarii,
995 1969 1163 2034 quos
1193 1949 1378 2015 Nero
1407 1969 1496 2015 ex
1522 1951 1878 2033 remigibus
1907 1952 2132 2036 justos
2158 1951 2401 2017 milites

205 2053 470 2118 fecerat.
557 2051 785 2116 Galba
827 2056 852 2085 ‘
880 2051 1088 2116 redire
1143 2071 1262 2116 eos
1319 2050 1410 2116 ad
1465 2051 1819 2135 pristinum
1870 2051 2133 2117 statum’
2180 2051 2403 2138 jussit.

211 2153 346 2218 Sed
387 2169 546 2218 cum
593 2150 1030 2236 proevalerent
1079 2169 1377 2229 numero,
1421 2157 1489 2215 et
1543 2155 1944 2230 recusarent,
1994 2153 2408 2237 obsessaque.

207 2253 512 2336 utrinque
531 2253 674 2330 via,
699 2253 974 2337 insuper
1015 2251 1308 2336 aquilam
1358 2255 1426 2315 et
1472 2253 1665 2333 signa
1702 2240 2105 2334 pertinacius
2146 2253 2410 2336 flagita-

208 2357 373 2432 rent,
421 2353 524 2418 ita
545 2359 622 2419 ut
647 2373 772 2437 per
796 2353 1148 2420 tumultum
1175 2371 1304 2419 nec
1335 2350 1665 2418 audiretur
1689 2371 1815 2416 nec
1846 2351 2339 2438 conspiceretur
2364 2375 2412 2422 a

208 2454 466 2541 populo
483 2456 815 2539 princeps,
843 2474 1054 2539 neque
1080 2456 1268 2541 rejici
1307 2474 1382 2519 se
1431 2460 1815 2538 paterentur
1843 2455 1925 2518 in·
1938 2460 2197 2540 tempus
2222 2477 2405 2522 com·

205 2556 495 2634 modius,
521 2558 834 2639 putantes
859 2556 1084 2639 negari
1113 2555 1291 2640 quod
1319 2553 1701 2633 differretur,
1716 2554 2067 2621 frementes
2089 2558 2405 2624 seditiose

205 2662 272 2722 et
315 2656 663 2723 incondito
709 2656 996 2745 clamore
1069 2655 1603 2739 progredientem
1652 2658 2111 2739 sequebantur.
2198 2656 2411 2726 Erant·

205 2764 272 2823 et
297 2757 418 2843 qui
447 2754 680 2820 stricto
701 2754 878 2820 ferro
903 2757 1044 2821 vim
1069 2756 1550 2833 minitarentur,
1592 2754 1724 2819 nisi
1766 2756 2033 2823 mitiora
2075 2760 2405 2826 statueret.

205 2858 452 2935 Galba,
479 2856 780 2922 immisso
803 2856 1048 2940 equite,
1073 2857 1467 2941 pervicaces
1490 2854 1779 2941 disjecit,
1802 2864 1869 2921 et
1898 2864 2149 2942 septem
2174 2878 2409 2925 eorum

205 2958 424 3023 millia
439 2957 707 3035 cecidit,
734 2958 1014 3022 inermes
1041 2974 1192 3023 cum
1218 2961 1479 3037 essent,
1521 2956 1674 3021 dein
1704 2958 1997 3041 reliquos
2026 2957 2404 3039 decimavit,

205 3063 274 3123 et
311 3059 392 3123 in
417 3058 692 3125 vincula
731 3058 1040 3143 conjecit,
1067 3076 1250 3143 qnos
1283 3063 1508 3123 tamen
1538 3076 1665 3123 suo
1687 3058 1867 3123 malo
1912 3058 2201 3197 libertati
2242 3078 2408 3127 mox

289 3256 526 3323 Galba
580 3277 738 3342 ergo
789 3261 1044 3346 majore
1096 3260 1326 3327 favore
1375 3264 1477 3325 et
1496 3259 1885 3325 auctoritate
1942 3260 2229 3345 adeptus
2302 3268 2407 3331 est

207 3376 411 3441 qum
443 3358 654 3440 gessit
677 3360 1066 3443 imperiumg
1109 3364 1487 3445 quanquam
1508 3360 1719 3425 multa
1738 3360 2135 3426 documenta
2162 3364 2408 3447 egregii

207 3458 530 3543 principis
555 3459 761 3538 daret,
785 3461 904 3526 sed
929 3480 1350 3547 nequaquam
1379 3462 1527 3526 haec
1556 3466 1689 3525 tam
1734 3468 1927 3543 grata
1967 3469 2167 3543 erant,
2198 3481 2407 3549 quam

205 3557 433 3623 invisa
457 3576 614 3642 qum
652 3578 850 3625 secus
890 3561 1138 3629 fierent.
1227 3560 1481 3625 Omnes
1522 3560 1767 3645 injuste
1793 3563 1863 3626 in
1888 3562 2162 3629 exilium
2184 3585 2237 3630 a
2264 3564 2411 3633 Ne·

205 3676 370 3723 rone
407 3661 680 3737 missos,
709 3662 1189 3747 cujuscumque
1229 3662 1506 3740 ordinis„
1537 3681 1687 3727 cum
1728 3662 1977 3742 liberis,
2006 3666 2233 3749 aliqua
2274 3666 2413 3733 cle·

205 3760 472 3825 meritiae
501 3761 704 3838 fama,
731 3764 1012 3828 restituit
1036 3764 1274 3847 patriae
1303 3769 1370 3829 et
1397 3764 1723 3847 dignitati,
1752 3784 1885 3829 non
1928 3772 2147 3830 tamen
2184 3768 2405 3833 bonis.

207 3858 595 3927 Petronium
619 3880 782 3927 vero
807 3862 1286 3948 Turpilianum,
1319 3871 1390 3929 et
1439 3884 1667 3929 senem
1712 3873 1781 3929 et
1830 3868 2265 3946 consularem,
2304 3870 2409 3933 in-

208 3960 506 4026 auditnm
535 3964 812 4029 interfici
831 3966 1062 4051 jussit,
1089 3986 1217 4031 non
1245 3966 1380 4032 alio
1403 3968 1667 4032 crimine
1689 3966 1977 4049 objecto,
2000 3987 2203 4052 quam
2225 3970 2409 4051 quod

207 4060 386 4127 lidus
415 4062 672 4131 Neroni
698 4067 1046 4145 extitisset,
1074 4086 1286 4151 neque
1317 4086 1391 4131 se
1435 4064 1885 4151 proditoribus
1934 4068 2079 4150 ejus
2118 4066 2406 4151 adjunx-

207 4160 390 4229 isset.
479 4164 726 4247 Elius5
740 4165 1168 4251 Polycletus5·
1203 4166 1525 4245 Locusta,
1574 4164 1951 4245 Pati-obius,
1992 4166 2296 4252 Petinus,
2334 4180 2409 4239 ‘et
