2893 4742
953 290 1487 341 ms'romsstust
1534 294 1681 343 1218.
1724 296 1809 345 11.

253 296 314 349 J.
334 296 400 347 c.
417 294 528 358 em]
2292 282 2469 361 2565

257 458 416 518 acto
447 452 605 515 orbe
629 454 697 515 et
723 450 987 529 aemnlis
1014 450 1314 515 urbibuse
1337 450 1799 540 Regibusqne¹
1822 456 1849 495 ⁴¹
1876 457 2159 537 excisis,
2197 478 2470 527 securas

255 574 428 637 opes
459 552 932 636 concupiscere
957 570 1244 617 vacuum
1271 554 1421 634 fuit,
1468 552 1684 639 prima
1710 560 1877 623 inter
1907 558 2145 623 Patres
2178 561 2471 643 plebem-

256 676 396 740 que
445 657 806 721 certamina
855 675 1196 720 exarsere:
1269 657 1470 722 modo
1525 659 1878 724 turbulenti
1926 660 2228 739 Tribuni,
2272 660 2471 727 modo

257 756 589 823 Consules
615 758 1019 845 praevalidi,⁸
1044 764 1112 823 et
1140 760 1210 822 in
1236 761 1392 823 urbe
1422 780 1503 824 ac
1534 756 1704 824 foros
1721 767 2144 827 tentamenta*
2169 764 2467 830 civilium

254 978 574 1029 retinebatur.
639 980 734 1030 Sed
761 985 1025 1043 postquam,
1054 982 1231 1031 domito
1251 982 1380 1044 orbs,
1419 988 1469 1033 et
1490 984 1665 1034 eversis
1686 985 1919 1035 riooubus
1935 986 2211 1037 civitatibus
2236 992 2321 1036 aut
2340 989 2472 1050 reg-i-

253 1042 362 1105 bus,
399 1044 680 1107 tranquillas
708 1044 906 1093 divitias
941 1060 1109 1108 cupere
1135 1046 1290 1109 licuit,
1321 1048 1493 1111 prime
1530 1050 1775 1099 discordia
1808 1055 2061 1113 emper-unt
2098 1051 2227 1101 inter
2256 1056 2471 1101 senatun

250 1108 581 1172 populumque.
648 1110 795 1159 Modo
815 1109 1028 1159 seditiosi
1047 1110 1230 1160 tribunis·
1251 1113 1438 1175 exorti,
1474 1116 1607 1163 modo
1628 1114 1834 1163 consules
1860 1115 2183 1179 prepeti-tere,
2213 1120 2263 1165 et
2280 1117 2333 1167 in
2356 1116 2471 1166 civi-

1183 1238 1541 1259 acoemeto-‘0

323 1319 351 1364 1
389 1316 656 1379 Regibuve
679 1319 908 1369 Brotier.
941 1334 1008 1369 ex
1039 1320 1166 1371 Mss.
1193 1321 1346 1371 Harl.
1371 1324 1527 1373 Bodl.
1563 1325 1672 1376 Jes.
1708 1330 1767 1374 et
1786 1324 1920 1375 Edd.
1942 1329 2077 1375 vett.
2100 1338 2216 1374 cnm
2240 1322 2470 1389 Ryckio.

255 1378 322 1429 In
345 1382 740 1447 recentioribus,
761 1385 1055 1450 regibusque,
1076 1394 1132 1435 et
1153 1386 1228 1435 sic
1253 1387 1567 1439 Gronovius.
1638 1390 1805 1440 Recte
1826 1390 2065 1453 quidem:
2098 1402 2215 1438 nam
2238 1396 2295 1438 et
2312 1388 2469 1439 urbes

1255 1537 1471 1589 NOTAE

317 1648 340 1674 ⁸
374 1640 444 1691 Ee
467 1644 650 1694 emulis
667 1646 880 1710 urbibus]
931 1644 1038 1698 Ad·
1052 1650 1314 1701 Romanos
1393 1652 1613 1702 candum
1632 1651 1853 1700 curavit.
1920 1648 2121 1700 Marius
2141 1654 2471 1699 senatuscon-

249 1722 456 1768 tantum
489 1720 574 1769 hic
613 1722 824 1785 respicit
859 1724 1100 1777 Tacitus:
1137 1734 1193 1777 et
1220 1742 1316 1791 per
1394 1728 1534 1775 sulto
1558 1733 1805 1786 armatus,
1830 1740 1931 1789 quo
1961 1731 2229 1786 censetur,
2250 1738 2317 1773 ne
2342 1720 2468 1788 qnid

249 1794 444 1843 emula
465 1794 617 1858 urbes,
657 1798 740 1847 hic
782 1801 1044 1864 praecipue
1067 1804 1318 1867 intelligit
1398 1802 1633 1864 Respub.
1678 1800 1979 1851 detrimenti
2018 1806 2241 1865 caperet
2280 1800 2471 1849 darent

251 1870 505 1935 Capuam,
524 1872 907 1940 Carthaginem,
920 1884 977 1926 et
994 1879 1318 1943 Corinthum,
1397 1891 1610 1942 operam
1679 1877 1934 1938 consules,
1997 1876 2328 1927 Saturninum
2411 1882 2471 1927 et

251 1960 368 2010 quae
391 1961 422 1995 a
443 1948 687 1999 Romanis
709 1954 895 2002 excisae
920 1962 1059 2019 sunt,
1075 1956 1142 2004 ob
1162 1971 1316 2004 aemu·
1397 1952 1667 2001 Glauciam
1697 1952 1751 2001 in
1789 1952 2107 2015 Capitolium
2144 1958 2471 2015 persecutns,

247 2022 496 2072 lationem
531 2025 758 2089 imperii,
797 2034 888 2077 snt
923 2036 1070 2079 certe
1112 2029 1315 2079 decoris
1397 2029 1605 2077 obsedit
1626 2063 1637 2078 .
1658 2062 1671 2077 .
1692 2062 1736 2077 ..
1756 2027 1991 2076 Glauciae
2048 2025 2217 2076 fracta
2270 2026 2467 2076 cervix.

253 2099 546 2149 vindicandi
570 2102 751 2165 gratia,
789 2108 848 2152 ut
888 2104 942 2152 in
965 2103 1312 2153 Numantinos
1393 2104 1649 2167 Apuleius
1680 2118 1797 2152 cum
1832 2103 1885 2151 in
1911 2100 2106 2151 curiam
2138 2100 2375 2165 fugisset,
2396 2102 2469 2149 la·

248 2182 306 2225 et
325 2174 583 2227 Samnites
607 2176 826 2228 factum.

315 2252 546 2315 AEmulis]
588 2253 739 2303 Urbes
770 2255 1036 2321 praecipue
1051 2256 1315 2321 iutelligit.

249 2328 386 2379 Nam
409 2328 684 2380 certabant
725 2345 874 2396 reges
905 2331 970 2383 de
996 2331 1180 2384 finibus
1210 2335 1314 2384 suis

247 2412 471 2468 tantum,
493 2419 594 2454 non
617 2405 684 2455 de
702 2407 945 2471 imperio;
969 2409 1011 2458 si
1031 2407 1168 2458 forte
1183 2409 1315 2474 Pyr·

253 2481 418 2543 rhum,
442 2488 534 2532 aut
553 2482 916 2533 Mithridatem
941 2484 1186 2548 excipias.

314 2557 338 2590 ‘¹
369 2557 600 2623 Regibus]
665 2559 748 2610 Ne
799 2560 1058 2623 intelligas
1114 2560 1312 2625 priscos

249 2647 402 2698 reges
425 2635 704 2698 Romanos,
742 2637 830 2699 qui
869 2637 1006 2700 pulsi
1040 2645 1181 2699 sunt,
1223 2645 1315 2687 sut

250 2713 406 2762 etiam
429 2712 675 2763 Etruscos
701 2727 871 2776 reges,
907 2713 996 2778 qui
1022 2719 1222 2762 tantum
1247 2714 1313 2764 de

251 2788 436 2852 angulo
460 2787 685 2853 quodam
724 2787 894 2838 ltaliae
933 2788 1310 2849 decertabaut3

249 2863 336 2914 sed
359 2879 566 2928 magnos
587 2879 754 2928 reges,
769 2865 1097 2929 Jugnrtham,
1117 2865 1314 2929 Sypha·

250 2946 381 3004 ce'uu,
419 2951 475 2991 et
499 2942 666 3005 ipsum
702 2941 1032 3004 Annibalem,
1069 2941 1157 3004 qui
1183 2941 1313 3004 regi-

249 3015 340 3066 bus
383 3017 504 3080 ipsis
551 3016 834 3066 terribilior
874 3017 1126 3066 Romanis
1172 3015 1310 3064 visus

249 3103 346 3154 est,
359 3091 676 3156 Philippum,
691 3093 960 3156 Perseum,
978 3091 1310 3155 Antiochum,

249 3169 629 3232 Mithridatem,
649 3169 951 3232 Tigranem,
975 3174 1030 3217 et
1046 3168 1173 3217 alios
1191 3183 1310 3218 cum
1367 3179 1389 3192 ⁰

250 3251 426 3295 cetero
446 3246 570 3295 orbe
595 3246 803 3294 tandem
828 3245 1161 3309 perdomitos.

307 3335 329 3360 e
368 3323 592 3372 Consules
605 3321 883 3387 prevalidi]
931 3323 1069 3373 Plin.
1103 3323 1168 3373 de
1196 3322 1310 3373 Vir.

247 3399 331 3447 Ill.
353 3403 433 3448 73.
467 3397 807 3448 ‘Saturninus
845 3399 962 3448 trib.
1003 3398 1140 3461 pleb.
1176 3397 1309 3446 sedi-

249 3476 427 3536 tiosus,
466 3481 526 3524 nt
550 3475 768 3539 gratiam
793 3475 1146 3524 Marianorum
1182 3474 1311 3523 mili-

250 3557 356 3600 tum
375 3557 600 3614 pararet,
621 3550 783 3614 legem
805 3549 944 3610 tulit,
971 3555 1032 3598 ut
1049 3549 1308 3599 veteranis

247 3633 469 3676 centena
509 3627 620 3690 agri
647 3627 836 3690 jugera
882 3627 934 3675 in
967 3624 1145 3674 Africa
1179 3625 1308 3674 divi·

249 3703 495 3752 derentur
513 3739 526 3753 .
539 3735 553 3751 .
568 3736 581 3751 .
599 3737 612 3750 .
631 3704 989 3766 competitore
1013 3700 1312 3765 interfecto,

247 3778 481 3830 tribunus
510 3778 649 3843 pleb.
673 3776 924 3842 refectus,
955 3779 1203 3838 Siciliam,
1238 3778 1311 3828 A·

248 3855 462 3917 chaiani,
515 3854 881 3904 Macedoniam
935 3855 1078 3904 novis
1119 3855 1310 3903 colonis

247 3929 844 3981 destinavit-...Tertio
893 3928 1129 3980 tribunus
1168 3929 1308 3993 pleb.

247 4006 487 4070 refectus,
502 4012 561 4056 nt
574 4005 850 4056 satellitem
869 4020 1016 4056 suum
1033 4005 1307 4055 Glauciam

248 4089 520 4148 proetorern
561 4082 780 4146 faceret,
824 4081 1132 4131 Mummium
1171 4095 1307 4132 com-

248 4161 522 4226 petitorem
557 4160 672 4224 ejus
697 4159 750 4209 in
773 4159 970 4223 campo
1004 4157 1198 4210 Martio
1220 4171 1307 4210 ne-

1395 2180 1601 2244 pidibus
1634 2185 1690 2229 et
1731 2178 1919 2243 tegulis
1956 2177 2182 2241 desuper
2220 2174 2467 2228 interfec-

1397 2254 1518 2305 tus.’

1461 2329 1481 2363 ¹
1508 2331 1656 2395 Foro]
1690 2331 1879 2383 Forum
1925 2332 2213 2381 Romanum
2250 2327 2353 2379 fuit
2390 2328 2467 2380 in-

1397 2415 1483 2458 ter
1526 2417 1749 2459 montem
1787 2407 2141 2471 Capitolinum
2182 2413 2237 2458 et
2272 2407 2471 2458 Palati·

1395 2498 1539 2547 num,
1567 2485 1618 2531 in
1643 2483 1853 2534 Octava
1878 2483 2091 2546 regione
2116 2481 2296 2532 Romae
2333 2483 2467 2532 anti·

1395 2574 1538 2624 qnae:
1578 2557 1731 2608 hodie
1764 2573 1884 2620 pars
1908 2557 1999 2606 illa
2022 2557 2203 2622 Campi
2230 2557 2429 2608 Voceiso
2446 2574 2469 2616 ‚-

1395 2653 1511 2700 quse
1536 2644 1619 2686 est
1639 2638 1777 2686 inter
1816 2635 2223 2698 septentrionem
2246 2643 2302 2684 et
2332 2636 2467 2686 occi-

1393 2713 1627 2775 dentem,
1663 2712 1715 2760 in
1760 2710 2051 2773 regionibus
2092 2711 2364 2772 Compitelli
2409 2719 2468 2761 et

1395 2787 1543 2848 Ripa,
1598 2786 1736 2834 inter
1775 2785 2040 2833 Ecclesiae
2080 2785 2233 2846 vulgo
2278 2783 2465 2850 dictas,

1393 2863 1548 2912 Scuto
1585 2862 1751 2911 Maria
1772 2859 2091 2920 Liberam-tce,
2132 2860 2256 2910 Sunt
2284 2860 2464 2912 Adria-

1390 2954 1471 3001 no,
1516 2953 1691 2988 arcum
1740 2937 1966 3001 Septimii
2005 2936 2193 2998 Set-eri,
2230 2943 2286 2986 et
2322 2936 2466 2986 circa

1391 3016 1678 3065 Ecclesiam
1706 3015 1857 3078 vulgo
1891 3015 2086 3062 dictam
2118 3013 2272 3063 Senta
2294 3014 2463 3064 Morio

1393 3093 1519 3140 della
1545 3091 1888 3140 Consolatione.
1921 3089 2199 3139 Tillemon.

1456 3177 1481 3211 t
1519 3168 1853 3231 TeutomentuJ
1905 3167 2110 3229 Interp.
2155 3165 2459 3230 Hispanus:

1389 3246 1405 3273 ‘
1424 3245 1555 3295 Quae
1574 3244 1829 3308 principia
1845 3242 2057 3293 fuerunt
2074 3250 2327 3306 motuum,
2341 3245 2461 3294 civi-

1377 3323 1617 3386 ‘linmque
1656 3321 1909 3371 bellorum
1948 3322 1999 3370 in
2046 3322 2175 3370 urbe
2214 3336 2275 3372 ac
2310 3320 2460 3372 foro.’

1389 3401 1521 3448 Vult
1552 3399 1790 3462 Tacitus,
1854 3400 1943 3448 illa
1979 3400 2239 3448 ceu-tamisa
2281 3405 2461 3449 vetere

1393 3474 1597 3539 Repub.
1622 3489 1713 3523 seu
1749 3475 1921 3538 potius
1946 3476 2321 3536 contentiones,
2342 3489 2461 3539 quae

1393 3550 1562 3610 miniS,
1574 3549 1717 3610 rixis,
1732 3564 1792 3598 ac
1806 3550 1991 3614 jurgiis
2006 3550 2195 3612 saepius
2208 3549 2465 3611 diremtae,

1392 3643 1543 3692 qnam
1568 3627 1740 3691 armis,
1755 3625 1916 3676 fnisse
1944 3625 2216 3690 praelndia,
2234 3632 2290 3675 et
2314 3624 2461 3674 velut
2496 3633 2501 3638 ’

1393 3704 1720 3753 imitamenta
1774 3705 2001 3752 bellorum
2053 3702 2289 3758 civilium;
2344 3715 2459 3764 qus:

1394 3780 1612 3843 posthac
1636 3780 1805 3828 auctis
1842 3781 2048 3841 opibus,
2076 3777 2242 3825 Mario
2272 3782 2326 3824 et
2350 3774 2463 3839 Syl·

1391 3857 1464 3917 la,
1501 3855 1710 3905 Caesare
1735 3862 1790 3904 et
1812 3855 2063 3917 Pompeio
2087 3851 2324 3912 ducibus,
2358 3849 2459 3899 fer-

1392 3946 1452 3980 ro
1504 3947 1565 3984 ac
1614 3932 1807 3994 praeliis
1858 3930 2151 3979 saevissimis
2193 3934 2459 3977 transacta

1391 4015 1538 4056 sunt:
1574 4007 1651 4056 ita
1674 4013 1863 4067 tamen,
1891 4015 1943 4053 ut
1964 4005 2121 4052 etiam
2150 4002 2283 4050 bello
2305 4002 2458 4066 longe

1387 4083 1661 4134 immanior
1705 4089 1844 4131 esset
1884 4079 2121 4140 victorio,
2176 4078 2457 4142 pluresque

1386 4173 1450 4209 ac
1469 4157 1754 4210 nobiliores
1775 4157 1939 4222 cives,
1962 4154 2459 4224 proscriptionibus,
