2893 4742
418 347 595 416 2706

420 530 557 595 quo
582 506 821 586 minus,
848 511 923 572 ut
948 511 1245 590 captam,
1274 505 1533 570 urbem
1579 503 2050 587 ingrederetur,
2077 505 2450 574 amicorum
2479 529 2664 574 con-

418 613 573 680 silio
628 609 1004 688 deterritus,
1072 613 1294 672 sumta
1362 607 1720 689 {ti-intexta<¹
1787 612 1856 670 et
1909 609 2288 692 composito
2345 613 2662 694 agmine,

416 711 709 780 incessit.
799 709 1105 790 Quatuor
1144 707 1484 790 legionum
1525 709 1796 792 aquilae‘·
1841 729 1963 794 per
1989 710 2290 789 frontem,
2319 713 2660 779 totidem-
2853 595 2866 864 1

1111 361 1178 412 0.
1222 361 1608 412 commul-
1631 362 1886 412 'raom
2313 373 2414 436 [A.
2437 373 2506 424 U.
2531 377 2674 424 82²·

412 877 594 956 ‚gaen
620 881 786 954 patres
808 874 1098 938 plebemque,
1132 871 1301 922 unicis
1336 871 1630 922 mmuh-a
1665 871 1967 936 absterritus,
1995 889 2056 924 ae
2087 875 2213 925 uelat
2233 881 2664 940 magnasun-
2625 878 2640 889 ⁸

418 944 619 994 eilde-s
656 940 898 1005 introiret,
940 946 1131 1003 ampt-
1176 941 1439 1002 Μανία,
1479 942 1529 987 et
1565 942 1740 1002 pacato
1779 938 1963 990 boma
2001 939 2244 1002 ingr-m
2277 947 2366 992 est.
2453 941 2662 1006 Aquila
2847 882 2866 1166 W

1411 1121 1636 1174 1³01·AE

420 1247 568 1298 Suet.
589 1261 622 1297 a
641 1246 849 1299 Tacito.
912 1247 1001 1298 Sic
1031 1247 1168 1298 enim
1199 1247 1382 1298 viteli.
1406 1253 1489 1299 19.

420 1326 439 1354 ⁴
462 1325 657 1375 Urbem
672 1324 895 1389 denique
909 1324 977 1373 ad
994 1325 1267 1374 classicum
1288 1327 1492 1376 introiit

422 1401 723 1466 paludatus,
742 1399 983 1465 ferroque
1006 1401 1318 1465 succinctus,
1352 1403 1492 1452 inter

422 1477 573 1543 sigua
592 1485 753 1543 atque
774 1480 982 1542 vexilla,
1011 1479 1261 1542 sagulatis
1286 1479 1485 1529 comiti-

420 1553 539 1620 bus,
554 1569 615 1604 ae
629 1553 852 1604 detectis
876 1554 1279 1605 commilitonum
1294 1555 1485 1604 armis!

418 1629 658 1692 Sagulati
696 1631 791 1690 illi,
823 1636 883 1679 ut
907 1631 1063 1690 bello,
1096 1639 1168 1694 et,
1194 1631 1391 1680 detectis
1410 1647 1490 1681 ar-

419 1701 532 1765 mis,
553 1705 696 1768 quasi
736 1704 871 1754 bello
894 1712 1103 1768 captam
1125 1713 1215 1755 ant
1238 1706 1488 1755 rebellem

421 1778 603 1828 urbem
654 1777 925 1830 intrarent.
1010 1781 1099 1830 Sic
1148 1779 1202 1830 in
1244 1781 1358 1832 Tib.
1404 1787 1471 1832 ⁸⁷

418 1853 439 1884 ⁸
459 1855 589 1905 Cum
612 1854 891 1906 Poleatiua
912 1855 1094 1920 plebs‚'
1117 1859 1215 1908 διο.
1248 1859 1488 1908 cohortes

420 1932 439 1960 ‘
464 1929 689 1981 detectis
713 1938 931 1995 repente
971 1932 1145 1996 armis,
1165 1933 1490 1984 concinenti-

422 2006 623 2072 busque
642 2008 819 2072 signis,
857 2024 951 2072 per
984 2009 1211 2059 diversas
1234 2017 1413 2074 portas
1434 2012 1489 2060 iu

419 2083 669 2147 oppidum
694 2083 921 2145 immisit,
939 2101 1000 2135 ae
1016 2092 1215 2150 partem
1240 2087 1488 2150 majorem

420 2160 591 2224 plebis
635 2175 698 2218 ac
740 2160 1075 2212 decurionum
1120 2162 1176 2212 in
1231 2169 1491 2228 perpetua

421 2235 626 2286 vincula
649 2235 910 2300 conjecit!

444 2306 451 2316 ’
486 2317 509 2342 ⁶
547 2311 617 2360 Ue
654 2317 859 2376 captam,
888 2311 1072 2377 arbem]
1126 2313 1265 2366 Quia
1300 2329 1488 2380 nempe

418 2384 790 2449 paludamento
830 2402 921 2437 seu
957 2403 1081 2453 sago
1104 2389 1315 2439 militari
1336 2404 1490 2454 oper·

420 2470 523 2523 tus,
561 2462 932 2526 accinctusque
970 2464 1140 2529 gladio
1183 2466 1304 2529 fuit,
1338 2468 1488 2534 quasi

418 2534 601 2585 urbem
636 2546 988 2599 expugnasset
1026 2540 1199 2591 armis.
1263 2542 1371 2591 Pro
1401 2559 1488 2606 pa-

418 2612 681 2661 Moemento
707 2619 899 2676 tamen,
930 2621 1087 2665 sunto
1117 2622 1377 2681 pretextu,
1410 2618 1466 2667 in

420 2701 627 2752 gressus
664 2695 748 2739 est
784 2692 1039 2754 conposito
1076 2692 1298 2755 agurius
1345 2694 1484 2757 quod

419 2767 699 2830 opponitur
739 2765 910 2817 hostili
953 2768 1175 2833 agmini5
1227 2784 1329 2833 quo
1372 2770 1484 2819 scil.

418 2843 700 2908 paludatus
737 2846 1139 2911 succinctusque
1172 2844 1313 2895 ferro
1348 2844 1486 2895 ince-

420 2919 599 2970 debat.

482 2992 507 3028 ¹
538 2994 709 3045 Sumta
744 2995 1003 3059 pretextu]
1051 2996 1195 3060 Toga
1214 2994 1327 3045 scil.
1350 3010 1485 3059 prae-

420 3076 582 3133 texta,
603 3086 717 3134 qua:
744 3072 884 3133 pacis
906 3072 1123 3135 insigne.
1194 3072 1264 3120 Et
1298 3086 1408 3132 cur,
1430 3078 1486 3121 nt

418 3152 604 3209 captain
624 3144 781 3194 urbem
804 3146 1148 3209 ingrederetur,
1184 3144 1233 3193 in
1272 3161 1373 3210 qno
1396 3161 1484 3196 ne·

419 3236 503 3271 mo
526 3221 850 3271 rebellabat?
884 3222 1007 3285 quid
1025 3236 1155 3285 opus
1172 3236 1295 3285 sago
1319 3230 1373 3274 et
1396 3238 1486 3288 pa·

417 3297 740 3359 ludamento,
774 3296 862 3345 nbi
902 3297 1097 3345 nullum
1120 3297 1227 3361 jam
1266 3298 1353 3347 diu
1377 3297 1486 3347 bel-

416 3374 556 3423 lum?
614 3374 930 3423 Praetexum
976 3372 1261 3423 induebant
1309 3388 1488 3424 omnes

420 3452 757 3515 magistratus
795 3468 855 3501 ac
878 3452 1207 3513 sacerdotem
1242 3459 1297 3501 at
1320 3452 1487 3503 vitel-

417 3527 518 3576 lius
548 3528 661 3591 jam
695 3528 955 3591 princeps,
989 3537 1045 3576 et
1078 3542 1142 3577 eo
1166 3527 1280 3590 ipso
1302 3528 1488 3591 magis-

422 3612 650 3655 tratuum
674 3602 942 3666 s‘upremus
977 3614 1036 3655 ut
1064 3612 1119 3654 et
1142 3606 1490 3669 sacerdotum,

420 3682 543 3745 quia
562 3679 809 3730 Pontifex
830 3680 1107 3743 Maximus,
1126 3695 1240 3744 quae
1260 3680 1488 3744 dignitas

421 3757 736 3821 principatui
762 3770 981 3805 annexa.

484 3832 608 3883 Fuit
631 3841 687 3883 et
710 3832 999 3895 proconsul,
1017 3837 1071 3879 et
1090 3830 1327 3881 tribunus
1348 3831 1486 3892 pleb.

420 3918 724 3973 perpetuus.
791 3908 979 3971 Itaque
1018 3906 1280 3969 princeps,
1316 3914 1374 3955 ut
1408 3913 1489 3957 tot

418 3980 754 4048 dignitatibus
795 3991 1095 4041 exornatus,
1136 3990 1191 4030 et
1226 3982 1383 4031 etiam
1428 3990 1488 4033 ut

420 4067 629 4110 senator
662 4058 793 4120 ipse,
815 4067 869 4107 et
895 4069 952 4107 ut
982 4058 1223 4121 princeps
1258 4064 1488 4119 senatus,

414 4138 700 4197 Μικίωνα
722 4135 936 4184 induere
968 4134 1164 4183 debuit.

486 4208 657 4274 Igitur
677 4210 967 4275 composito
988 4224 1049 4259 ac
1074 4213 1261 4273 pacato
1283 4206 1486 4273 agmine

1569 1249 1812 1299 incedens
1843 1249 2104 1314 princeps,
2135 1249 2279 1313 pacis
2311 1247 2538 1312 insignia
2557 1251 2660 1298 lra-

1567 1325 1716 1388 bere‚
1735 1332 1794 1376 et
1813 1327 1931 1390 quia
1955 1327 2204 1389 princeps
2235 1339 2412 1375 coram
2435 1335 2660 1388 senatu,

1571 1407 1880 1465 praetextam
1901 1401 2118 1452 induere
2139 1402 2334 1452 debuit.

1634 1477 1794 1526 Forte
1816 1491 1880 1526 ea
1900 1491 2057 1526 causa
2088 1476 2226 1540 apud
2259 1476 2486 1526 Sueton-
2511 1477 2650 1526 Ner.

1567 1555 1650 1601 57.
1683 1551 1699 1580 ‘
1726 1553 1846 1602 Non
1893 1551 2197 1615 defuerunt,
2234 1553 2322 1615 qui
2383 1553 2652 1616 imagines

1567 1632 1907 1691 pretextatus
1927 1627 2204 1694 (Neronis)
2236 1628 2290 1676 in
2309 1629 2502 1678 rostris
2524 1643 2654 1692 pro·

1566 1701 1787 1766 ferrent,
1811 1704 1964 1753 modo
1988 1703 2182 1766 edicta,
2193 1703 2340 1768 quasi
2361 1704 2602 1754 viventis
2612 1703 2650 1764 ς’

1474 1819 1487 1833 .
1569 1777 1678 1827 scil.
1705 1779 1850 1844 quasi
1880 1779 2049 1828 adbuc
2080 1779 2362 1842 imperaret
2397 1785 2458 1830 et
2498 1780 2648 1843 priu-

1567 1868 1693 1918 ceps
1715 1861 1870 1917 esset,
1885 1859 2203 1918 pretextatus
2223 1854 2572 1918 pingebatur,-
2591 1861 2650 1906 et

1567 1931 1723 1980 edicta
1741 1930 2085 1996 proponebat.
2129 1931 2250 1980 Seii.
2270 1931 2420 1993 leges
2439 1944 2650 1980 omnes·

1569 2020 1670 2069 que
1697 2005 2026 2069 magistratus
2062 2004 2116 2054 in
2147 2019 2202 2054 se
2239 2012 2483 2055 traxerat
2503 2007 2650 2070 prin-

1567 2095 1690 2144 ceps
1708 2098 1723 2141 ς
1755 2085 1771 2110 ⁸
1795 2083 1968 2130 omnia
1989 2081 2164 2132 Caesar
2183 2081 2337 2132 erat!

1631 2161 1656 2190 θ
1709 2159 1928 2213 Qucum·
1967 2158 2202 2220 legio-m
2243 2157 2441 2220 oquin]
2499 2159 2648 2210 Oete

1565 2232 1816 2296 legiones,
1851 2248 1970 2298 quoe
2005 2233 2090 2283 hic
2129 2245 2188 2284 et
2223 2233 2350 2284 alibi
2395 2234 2548 2284 velut
2591 2237 2646 2286 in

1569 2309 1802 2375 partibus
1858 2310 2153 2360 Vitellianis
2201 2317 2474 2375 notantur,
2526 2309 2648 2362 fue·

1567 2394 1691 2436 runt
1706 2386 1900 2449 Italion,
1915 2386 2166 2451 Lugduno
2181 2387 2424 2449 advecta,
2446 2394 2508 2439 et
2523 2402 2648 2453 sep·

1569 2469 1678 2513 tem
1699 2463 1929 2527 legiones
1951 2478 1982 2512 e
2018 2462 2322 2523 Germania,
2343 2463 2495 2513 nulla
2515 2465 2650 2515 lieet

1567 2537 1789 2601 integra,
1803 2539 1904 2588 nisi
1927 2538 2036 2587 sola
2054 2539 2260 2602 Rapax.
2295 2538 2514 2587 Cetera
2535 2554 2646 2591 om·

1467 2646 1487 2659 .
1566 2628 1661 2664 nes
1693 2614 1994 2677 imminute,
2017 2614 2198 2663 relicta
2219 2612 2438 2662 militum
2465 2621 2642 2678 parte,

1567 2691 1748 2755 quibus
1771 2700 1946 2741 tamen
1963 2691 2140 2741 divisis
2164 2704 2352 2741 nomen
2374 2692 2642 2757 utrimque

1568 2767 1812 2831 priscum,
1822 2774 1880 2817 et
1894 2766 2040 2817 velut
2055 2781 2146 2817 sno
2171 2767 2288 2831 toti,
2307 2772 2508 2817 manet.
2551 2767 2642 2817 Sa·

1631 2917 1850 2974 Qualiter
1887 2918 2122 2979 legionum
2155 2917 2354 2983 aquila]
2422 2918 2514 2967 Sic
2553 2933 2641 2969 ea·

1565 2994 1729 3057 piant,
1751 2994 1897 3058 quasi
1931 2993 2137 3059 Aquila
2171 2999 2230 3043 et
2251 2993 2401 3057 sigua
2429 2994 2547 3043 sola
2567 2994 2644 3043 in·

1565 3075 1719 3118 vecta
1741 3068 1934 3118 fuerint
1969 3082 2062 3131 per
2095 3068 2338 3131 frontem,
2371 3082 2540 3133 prope
2559 3084 2642 3120 as-

1565 3146 1792 3196 tantibus
1813 3144 2079 3209 prefectis
2100 3145 2422 3209 tribunisque
2443 3152 2504 3195 et
2535 3148 2640 3209 pn·-

1566 3220 1660 3269 mis
1683 3220 2108 3281 centurionibus3
2149 3234 2252 3270 non
2291 3227 2467 3271 auten
2503 3222 2641 3272 mili·

1567 3304 1645 3347 tes
1667 3314 1758 3348 seu
1781 3298 2010 3363 legiones
2031 3301 2132 3350 hoc
2153 3302 2289 3363 loco,
2321 3306 2414 3349 aut
2435 3314 2502 3349 eo
2523 3300 2636 3365 ipso

1567 3376 1748 3425 ordine
1766 3378 2089 3429 incesserint.

1635 3454 1862 3518 Nempe,
1880 3454 2025 3518 qnasi
2045 3454 2234 3518 aquilae
2251 3468 2314 3503 ae
2337 3455 2532 3505 vexilla
2551 3470 2638 3520 pe·

1568 3528 1734 3579 ditum
1757 3537 1812 3579 et
1833 3530 1979 3593 signa
2002 3531 2232 3594 equitum
2261 3531 2414 3581 simul
2446 3539 2506 3582 et
2542 3548 2635 3596 per

1568 3604 1792 3655 frontem
1848 3605 2133 3667 ferrentur,
2174 3608 2228 3655 in
2279 3608 2518 3670 speciem
2571 3624 2634 3659 ae

1571 3695 1837 3745 pompam;
1873 3681 1993 3731 dein
2017 3683 2270 3747 legionum
2293 3696 2384 3731 sen
2419 3684 2636 3745 peditans

1567 3756 1754 3805 ordines
1769 3773 1788 3815 ;
1821 3765 1874 3806 et
1899 3766 2019 3819 post
2043 3757 2271 3821 pedites,
2305 3772 2444 3821 oque·
2461 3772 2638 3809 suece-

1569 3832 1755 3892 deret3
1793 3832 1911 3881 dein
1947 3834 2346 3896 ingrederentur
2373 3834 2634 3897 cohortes,

1568 3922 1660 3957 seu
1679 3909 1982 3970 auxiliares3
2013 3916 2072 3958 ut
2090 3911 2164 3957 sic
2183 3910 2391 3959 nomina
2401 3910 2630 3973 gentium

1569 3996 1928 4047 armorumque
1965 3984 2401 4035 discernerentur.
2466 3986 2554 4035 Ita
2573 3992 2634 4036 ut

1569 4060 1838 4109 clarissimi
1860 4059 2099 4125 praefecti
2127 4060 2423 4126 tribunique
2443 4067 2501 4112 et
2517 4076 2632 4113 oen-

1572 4138 1799 4185 turioues
1842 4136 1937 4185 soli
1993 4138 2180 4202 aquilae
2237 4143 2487 4199 astarent,
2541 4151 2630 4189 seu

1565 4212 1782 4277 propius
1825 4212 2026 4263 vexillis
2063 4212 2406 4277 incederent3
2449 4219 2630 4265 eentu-
