2893 4742
445 341 622 408 2176
679 287 692 293 -
1169 353 1240 402 o.

1285 349 1485 400 OORN
1494 350 1651 400 1:1011
1696 351 1955 400 'tsct‘rs

2322 341 2414 420 [Α.
2438 349 2505 408 15.
2526 361 2655 407 ssa.

1435 491 1649 544 Nom:

447 609 602 660 modo
623 607 843 658 remittis
859 619 944 656 me
967 603 1034 655 ad
1056 606 1268 655 censae?
1303 611 1393 655 aut
1414 615 1511 655 cur

449 685 639 749 ubique
663 693 767 734 tam
789 683 978 732 multus
1005 687 1084 744 tu,
1115 687 1222 730 tam
1255 681 1418 729 serius
1454 680 1509 729 in

448 764 512 811 iis
537 759 892 824 explicandis?

516 837 718 886 Censeo
741 835 966 884 immissa
986 833 1264 897 negatione
1286 812 1513 882 scrihen-

451 914 591 973 dum,
623 912 706 974 qui
737 911 1006 973 plerumque
1029 908 1365 970 Mnasortus'ti
1385 912 1516 970 sunt,

453 987 518 1036 ad
544 1001 652 1036 rem
694 990 751 1033 et
775 983 840 1034 ad
879 998 1057 1034 verum
1073 991 1234 1046 certe,
1255 983 1298 1032 si
1319 996 1423 1032 non
1445 981 1515 1032 sd

449 1063 624 1112 Taciti
647 1067 894 1110 mentem.
957 1059 1168 1124 Lipsius.

439 1171 444 1176 ·
515 1141 650 1189 Mihi
686 1153 838 1188 sunus
883 1145 940 1188 et
959 1139 1163 1202 integer
1197 1138 1340 1187 locus
1375 1136 1517 1187 vide·

453 1225 571 1278 tur;
605 1229 722 1266 nam
760 1228 939 1265 eorum
973 1213 1131 1264 etiam
1156 1228 1272 1277 qum
1295 1211 1515 1263 fortuito

453 1289 729 1358 aliquando
751 1289 1014 1350 accidunt,
1033 1296 1094 1338 ut
1116 1303 1389 1352 regnorum
1407 1302 1516 1337 mu·

453 1367 675 1417 tationes
721 1381 781 1416 ac
829 1363 1226 1428 vicissitudines,
1263 1363 1517 1412 bellorum

453 1443 621 1492 exitus
660 1446 715 1490 et
749 1439 954 1501 similia,
977 1453 1159 1487 ceusu
1191 1439 1515 1488 nihilominus

340 1507 348 1516 ’
451 1518 687 1570 historici
725 1515 968 1576 afferunt,
1007 1527 1127 1563 cum
1169 1513 1294 1562 illud
1335 1515 1517 1576 praeei-

455 1683 573 1718 nem
595 1673 652 1720 et
678 1678 858 1716 causes
884 1665 1252 1728 cujuscumque
1287 1665 1363 1712 rei
1401 1678 1516 1750 per·

455 1745 684 1810 quirunt,
705 1748 796 1792 aut
820 1753 966 1790 veras
985 1745 1074 1789 aut
1096 1753 1221 1803 quas
1257 1753 1352 1802 pro
1375 1735 1515 1788 vei-is

453 1819 816 1884 imaginantur.

521 1899 693 1948 Multa
727 1907 932 1960 quoque
977 1909 1008 1944 s.
1037 1892 1358 1958 principibus
1391 1907 1517 1943 casu

455 1980 512 2024 et
533 1972 799 2035 inopinato
818 1969 933 2018 fieri
967 1983 1108 2032 saepe
1129 1969 1377 2030 videmus,
1398 1983 1515 2032 quoe

455 2055 628 2100 tamen
653 2045 892 2111 prudenti
915 2045 1130 2094 consilio
1153 2045 1519 2108 praemeditata

454 2124 729 2186 scriptores
745 2121 892 2171 nobis
917 2120 1226 2184 persuadere
1249 2129 1517 2170 conantur.

520 2201 772 2251 Attamen
797 2196 1000 2248 facilius
1037 2197 1423 2262 simpliciusque
1442 2198 1519 2246 in-

457 2282 796 2341 terpretarer,
847 2273 1154 2336 scriptorem
1220 2271 1348 2320 nihil
1399 2286 1518 2335 pro-

458 2355 604 2405 desse
659 2348 962 2411 lectoribus,
1014 2348 1060 2398 si
1114 2361 1263 2399 cesus
1317 2355 1519 2399 tanturn

455 2437 770 2494 eventusque
803 2441 976 2477 rerum
1015 2427 1068 2475 in
1097 2426 1314 2475 historia
1335 2440 1521 2475 memo-

456 2512 571 2565 ret;
603 2518 721 2553 nam
752 2504 804 2553 hi
837 2504 1138 2567 plerumque
1177 2500 1378 2551 fortuiti
1407 2517 1519 2553 esse

457 2584 662 2632 solent:
695 2578 786 2629 sed
831 2579 1087 2628 rationem
1126 2578 1274 2627 simul
1316 2593 1519 2629 causas-

455 2670 560 2721 que
582 2654 811 2719 adjicere
835 2652 1032 2702 debent
1053 2652 1304 2714 historici,
1325 2659 1386 2702 nt
1407 2655 1519 2717 qui-

455 2732 586 2783 libet
625 2744 688 2780 ea
718 2744 836 2794 quae
859 2729 1070 2791 fortuito
1103 2743 1224 2778 casu
1263 2729 1519 2792 obtigere,

457 2807 525 2856 ab
549 2805 610 2854 iis
651 2818 770 2869 quoe
798 2804 990 2853 consilio
1024 2811 1144 2853 sunt
1167 2810 1304 2865 acts,
1327 2804 1519 2855 discer-

456 2895 580 2931 nere
600 2880 778 2944 possit.
843 2880 1070 2929 Pichena.

525 2958 624 3013 Qu·
663 2958 935 3020 plenaque
966 2954 1170 3017 fortititi
1217 2956 1352 3019 sunt]
1405 2958 1519 3019 Est,

453 3034 510 3084 in
545 3034 728 3097 quibus
770 3032 1043 3095 plurimum
1079 3030 1289 3082 fortune
1323 3038 1517 3095 potest,

455 3110 626 3181 quiex
651 3106 862 3157 fortuna
884 3106 1134 3172 pendent,
1159 3100 1214 3157 et
1236 3122 1372 3171 δῦρο
1397 3124 1519 3160 con·

455 3192 541 3237 tra
561 3184 980 3247 expectationem
998 3184 1272 3245 eveniunt3
1310 3187 1440 3237 adeo
1462 3195 1519 3237 ut

455 3261 648 3311 exiliis
669 3260 790 3309 solis
812 3260 1032 3325 cognitis
1055 3259 1123 3309 ad
1145 3261 1410 3311 consilium
1433 3277 1518 3311 ca·

455 3335 702 3400 piendum
723 3334 881 3384 nihilo
901 3334 967 3384 sis
984 3336 1313 3395 instruction
1337 3343 1398 3385 ut
1415 3351 1517 3386 non

453 3412 560 3465 sint
591 3410 823 3476 magistri
862 3416 920 3461 et
953 3418 1188 3462 suctores
1223 3427 1391 3461 rerum
1429 3427 1520 3477 ge

457 3488 750 3539 rendsrum.

521 3566 606 3615 Ex
627 3562 809 3629 quibus
847 3563 973 3613 nihil
1009 3562 1197 3627 discus,
1218 3562 1310 3611 nisi
1337 3562 1518 3613 fortui-

455 3644 586 3703 tum,
614 3639 712 3689 nisi
751 3636 971 3689 fortunae
1013 3637 1224 3699 donum,
1257 3638 1352 3689 nisi
1393 3640 1516 3704 quid

454 3716 661 3780 egerit3
697 3729 813 3764 cum
851 3714 916 3763 de
951 3713 1182 3777 partibus
1213 3714 1519 3765 decerneret

455 3791 868 3854 transigeretque
891 3789 1128 3850 fortuna3
1158 3791 1255 3839 hoc
1278 3798 1376 3854 est,
1397 3792 1515 3841 huic

453 3881 522 3917 ex
561 3866 820 3916 sententia
854 3880 984 3926 rem,
1027 3866 1105 3915 illi
1147 3880 1379 3929 asperam
1420 3866 1515 3916 foe-

455 3942 680 4006 danique
698 3941 1016 4005 provenisse.

519 4016 624 4068 Sed
649 4032 711 4066 ea
731 4016 944 4066 fortuna
961 4030 1132 4067 comes
1156 4018 1400 4069 virtutem
1424 4017 1515 4069 du-

455 4108 570 4143 cem
610 4092 867 4154 hebuerit,
901 4107 968 4141 eu
1008 4091 1338 4154 destituerit3
1379 4094 1517 4142 unde

456 4167 709 4235 estiterit,
731 4170 1090 4233 continuetur;
1125 4176 1295 4221 mutet
1315 4184 1378 4221 ec
1403 4182 1519 4221 sese

1590 607 1933 672 circumagnt;
1971 609 2255 659 secundum
2292 609 2553 674 meliores,
2584 623 2659 658 an

1588 679 1896 744 deteriores,
1940 689 1997 734 et
2040 693 2219 748 quare,
2264 683 2503 745 dederit;
2552 684 2661 734 tibi

1590 757 1727 822 quod
1750 759 1815 808 sb
1836 759 1940 809 slio
1970 749 2147 824 capias
2166 760 2475 826 exemplum,
2508 757 2659 824 quod

1590 847 1827 898 sequare,
1864 841 1958 884 tut
1986 830 2189 900 fugias3
2220 847 2543 900 nequaquam
2580 849 2659 884 ex

1590 908 1689 960 hoc
1712 923 1871 974 opere
1893 909 2209 972 providebis.

1656 985 1726 1034 Et
1765 999 1905 1048 saepe
1936 987 2061 1048 joco
2084 1000 2145 1036 ac
2162 985 2387 1036 ludibrio·
2406 983 2663 1049 fortune,

1592 1073 1661 1110 ex
1678 1059 1758 1110 his
1780 1061 2190 1126 postprincipiis,
2216 1076 2307 1112 seu
2328 1077 2395 1112 ex
2416 1063 2663 1124 exordio,

1590 1133 1781 1199 filoque
1825 1143 1882 1186 et
1920 1137 2055 1186 serie
2094 1152 2157 1187 ac
2197 1136 2419 1188 decursu
2460 1153 2663 1199 rerum,

1592 1216 1905 1273 temporam,
1924 1212 2267 1274 corniliorum,
2300 1227 2415 1278 qun
2446 1214 2515 1264 ad
2550 1214 2665 1264 ista

1594 1285 1729 1336 viam
1746 1287 2065 1350 munierunt,
2085 1289 2289 1340 abunde
2309 1289 2543 1352 colliges.

1657 1362 1745 1411 Sic
1788 1362 1931 1412 Suet.
1967 1365 2097 1413 Ner.
2128 1369 2213 1414 88.
2250 1365 2268 1394 ⁴
2291 1365 2554 1416 Omniese
2575 1363 2667 1416 fn-

1593 1437 1779 1487 cienda
1796 1435 2001 1500 fecisse,
2020 1439 2114 1488 sed
2134 1446 2378 1489 eventum
2411 1441 2463 1490 iu
2496 1455 2665 1491 manu

1594 1526 1708 1562 esse
1733 1509 1969 1563 fortunae.
2036 1513 2165 1564 Illos
2202 1521 2261 1564 ut
2300 1515 2561 1580 sepientes
2598 1523 2666 1566 et

1593 1587 1775 1638 doctos
1820 1588 1955 1638 viros
1988 1587 2207 1639 fortuitu
2248 1589 2443 1641 debere
2482 1592 2667 1642 exctu·
2708 1615 2731 1624 ·

1593 1661 1755 1712 dere.'

1659 1738 1796 1788 Geli.
1818 1752 1934 1790 nv.
1960 1745 2009 1790 l.
2032 1745 2046 1770 ⁸
2071 1739 2133 1792 Id
2157 1741 2367 1792 minime
2388 1739 2663 1794 ferendum

1594 1815 1861 1878 censebat,
1882 1816 2019 1882 quod
2042 1833 2145 1868 non
2162 1819 2316 1870 modo
2332 1833 2480 1870 casus
2500 1833 2663 1868 even·

1596 1897 1752 1956 taque
1771 1905 1886 1956 qnae
1910 1893 2178 1944 evenirent
2198 1895 2539 1955 extrinsecus,
2560 1895 2659 1944 sed

1594 1966 1803 2016 consilia
1825 1982 2025 2032 quoque
2048 1968 2309 2018 hominurn
2338 1969 2469 2034 ipss,
2488 1976 2545 2020 et
2574 1985 2661 2020 nr·

1592 2039 1773 2104 nitria,
1808 2050 1863 2092 et
1898 2045 2065 2093 varies
2103 2045 2417 2108 voluntates,
2452 2046 2661 2109 appeti·

1594 2117 1877 2184 tionesquffi
1897 2125 1956 2170 et
1976 2121 2367 2184 declinationes,
2388 2129 2443 2171 et
2472 2120 2680 2172 fortini·-

1596 2198 1675 2243 tos
1698 2195 2099 2260 repentinosque
2124 2196 2409 2247 animorum
2428 2198 2659 2262 impetus

1595 2268 1812 2328 moveri,
1846 2269 2138 2334 agitarique
2182 2271 2403 2336 desuper
2448 2285 2481 2321 e
2524 2271 2661 2322 coelo

1596 2345 1872 2408 putarent!
1939 2345 2218 2397 Gronovius.

1658 2422 1909 2485 ’διακαῇ
1971 2424 2117 2475 Quas
2166 2437 2347 2473 causas
2399 2402 2659 2477 describit

1593 2494 1820 2560 Tacitus,
1854 2512 1971 2547 cum
2028 2499 2189 2550 tradit
2235 2500 2407 2565 quales
2460 2500 2663 2552 fuerint

1594 2578 1787 2632 motus,
1803 2588 1893 2623 seu
1914 2573 2119 2625 habitus
2133 2575 2418 2626 animorum
2434 2578 2487 2627 in
2504 2578 2663 2641 urhe,

1595 2647 1649 2695 in
1686 2648 1979 2712 provinciis,
2016 2656 2069 2701 et
2090 2652 2407 2703 exercitibus
2427 2652 2661 2703 universi

1591 2722 1807 2787 Imperii
1830 2724 2063 2776 Romani.

1657 2799 1852 2864 Incipit
1874 2801 2031 2863 igitur
2049 2817 2082 2854 s
2104 2805 2355 2869 patribus,
2378 2821 2470 2855 seu
2500 2822 2533 2855 a
2562 2806 2663 2856 Se·

1590 2881 1719 2924 natu
1758 2879 2055 2942 populoque
2100 2880 2351 2945 Romano,
2388 2889 2445 2931 et
2482 2882 2549 2931 ab
2570 2897 2663 2932 ur·

1592 2951 1728 3001 bauo
1766 2954 1945 3017 milite,
1982 2962 2039 3004 et
2078 2954 2344 3017 describit,
2386 2958 2563 3022 quales
2600 2958 2663 3007 in

1591 3028 1723 3079 urbe
1745 3028 1944 3080 fuerint
1966 3032 2217 3097 Quirites,
2235 3035 2413 3098 quales
2437 3036 2488 3083 in
2509 3034 2661 3083 curin

1592 3114 1786 3169 patres,
1805 3108 1971 3170 qualis
1990 3108 2191 3159 habitus
2210 3110 2513 3171 animorum,
2530 3122 2661 3173 qua·

1592 3186 1669 3233 les
1712 3184 2006 3248 pretoriani
2054 3186 2107 3234 in
2152 3186 2354 3248 castris,
2391 3187 2571 3250 quales
2600 3186 2661 3234 in

1593 3262 1708 3310 aula
1753 3263 2078 3325 potentiores
2122 3262 2292 3325 amici,
2334 3269 2425 3311 sut
2463 3261 2663 3325 liberti,

1592 3338 1759 3401 qualis
1778 3346 1834 3389 et
1854 3338 1967 3401 ipse
1990 3340 2252 3402 princeps,
2281 3338 2459 3403 quales
2488 3345 2545 3388 et
2565 3352 2661 3387 ex·

1592 3414 1757 3463 tranei
1778 3414 1988 3475 milites,
2010 3429 2101 3464 seu
2124 3415 2414 3473 auxiliares,
2437 3416 2663 3480 quitum

1591 3489 1645 3537 in
1691 3490 1821 3539 urbe
1867 3490 2154 3554 agitabant,
2200 3505 2320 3540 cum
2370 3489 2663 3540 destitutus

1592 3573 1674 3615 est
1697 3566 1859 3628 Nero,
1884 3573 1939 3615 et
1972 3567 2163 3617 ascitus
2186 3566 2358 3617 Galba
2378 3566 2561 3617 urbem
2582 3568 2665 3617 in-

1594 3654 1799 3704 gressus
1820 3650 1920 3690 est.

1660 3716 1801 3765 Dein
1842 3717 2101 3780 percurrit
2142 3719 2451 3784 provincias,
2488 3724 2544 3769 et
2566 3720 2663 3785 qui

1592 3791 1647 3839 in
1668 3790 1746 3839 his
1768 3793 2048 3856 exercitus,
2082 3792 2409 3857 Hispaniam,
2438 3794 2664 3857 Gallius,

1592 3866 1933 3917 Germanicos
1980 3869 2261 3928 exercitus,
2306 3869 2659 3931 Britanniam,

1590 3940 1877 4005 Illyricum,
1932 3940 2225 4004 Orientem,
2284 3944 2504 4007 Syriam,
2558 3946 2663 3996 Ju-

1591 4018 1773 4078 daeam,
1814 4022 2111 4083 AEgyptum,
2160 4018 2414 4081 Africam,
2456 4020 2661 4071 Manri-

1590 4095 1776 4158 tanias,
1792 4096 2065 4161 minutiam,
2084 4096 2659 4161 Noricumfrhrseinm,

1590 4171 1859 4239 ipsamque
1898 4172 2125 4238 Italism,
2168 4180 2227 4225 et
2264 4172 2395 4223 alias
2429 4173 2659 4225 inermes
