2893 4742
240 385 297 437 ,1.
323 387 385 438 c.
408 387 519 451 σα]

947 386 1255 437 ΗῙΒΤΟΒῙ
1268 387 1482 437 ARUM
1527 385 1675 436 mn.
1720 387 1803 435 11.

2279 370 2454 436 2547

245 528 563 610 imposita
590 530 783 594 turris
804 537 828 566 ‘
870 535 939 595 et
994 531 1067 593 in
1114 535 1484 594 extremam
1515 547 1754 594 navem
1783 527 2070 592 educta:
2115 528 2294 592 unde
2321 534 2454 594 tor-

248 629 483 694 mentis
510 649 590 694 ae
620 630 947 696 machinis
987 631 1215 696 hostes
1253 632 1807 715 propulsarentur.

333 731 442 795 35.
490 731 849 797 Othoniani
891 735 959 796 in
1002 735 1148 816 ripa
1184 735 1415 798 turrim
1446 732 1880 810 struxerant,‘¹
1927 750 2235 814 saxaque
2265 739 2330 796 et
2356 733 2455 796 fa·

246 864 429 914 mnnita
450 865 600 914 turris
618 865 863 915 claudebat
882 873 1092 929 pontem,
1129 883 1241 932 qua*
1266 875 1313 917 et
1350 869 1401 917 is
1436 868 1652 918 ultimum
1683 866 1928 928 navigium
1961 871 2115 915 metu
2153 873 2299 914 erat:
2334 866 2458 914 unde

248 928 451 978 ballistis
470 935 519 978 et
538 932 792 994 catapultis
809 931 963 980 hostes
978 935 1368 996 propellerentur.

315 993 574 1044 Othoniana·
593 994 767 1044 turrim
787 996 1135 1061 edificaverunt
1170 997 1223 1046 in
1255 998 1415 1046 littore
1453 1011 1566 1059 sno,
1597 997 1792 1060 hincque
1827 994 2006 1059 lapides
2032 997 2079 1043 et
2101 995 2252 1042 toedus
2271 993 2456 1043 emitte·

1241 1110 1293 1161 N
1298 1109 1462 1160 01·AE

314 1230 514 1282 Quibus
537 1237 597 1282 ut
619 1240 958 1284 occurrerent
975 1235 1235 1284 Othoniani
1255 1239 1311 1284 et

250 1309 519 1358 transitum
542 1313 961 1376 prohiberent,in
974 1317 1083 1379 n'pa
1106 1330 1197 1364 sua
1212 1320 1312 1382 tur-

247 1385 344 1432 rim
364 1384 520 1434 etiam
556 1394 850 1453 struxerant,
884 1401 937 1441 et
971 1393 1159 1442 exinde
1190 1405 1311 1440 saxa

246 1464 295 1508 et
305 1459 786 1522 swesjaculabantnr
801 1469 850 1515 in
871 1483 1030 1516 naves
1052 1475 1107 1518 et
1126 1468 1310 1517 turrim

247 1539 623 1588 transeuntium
640 1541 881 1606 hostium,
892 1550 983 1592 ant
994 1551 1139 1593 certe
1155 1547 1311 1592 truns-

246 1611 368 1660 itum
385 1614 723 1664 simulantium.

318 1689 575 1740 claudebat
593 1695 803 1758 pontem]
834 1693 1103 1744 Quomodo
1128 1701 1311 1758 pontes

252 1763 463 1812 Romani
488 1771 769 1828 struerent,
791 1769 1043 1818 describit
1061 1768 1309 1819 Arrianus

250 1839 303 1887 in
326 1842 482 1903 gestis
502 1841 655 1892 Alex.
698 1844 714 1870 ‘
740 1845 790 1893 N
796 1841 954 1907 aves,’
973 1846 1160 1909 inquit,
1182 1848 1197 1874 ‘
1222 1846 1312 1896 de·

246 1915 527 1965 mittuntur
544 1917 692 1980 lapsu
716 1917 959 1981 fluminis,
999 1921 1122 1971 dato
1146 1921 1310 1985 signo.

248 1991 415 2055 quue
438 2007 537 2041 non
576 2001 755 2057 rcctoe,
796 1997 887 2044 sed
926 2004 986 2046 ut
1020 1998 1153 2046 solet
1174 1998 1225 2044 in
1248 1996 1311 2045 iis

249 2081 368 2132 quae
412 2068 642 2120 inhibent
676 2076 732 2120 et
767 2085 798 2120 a
840 2072 1001 2134 puppi
1040 2074 1309 2136 remigant.

248 2145 385 2194 Istas
419 2151 594 2196 autem
637 2145 874 2196 deorsum
914 2147 1082 2210 ducit,
1121 2157 1180 2198 ut
1218 2163 1312 2211 par

249 2229 346 2282 est,
380 2219 599 2270 fluminis
621 2237 831 2283 cursus;
870 2221 1064 2272 retinet
1103 2239 1223 2273 vero
1257 2230 1313 2273 et

248 2298 385 2348 sistit
422 2299 693 2363 remigium
732 2300 995 2364 obnixum,
1031 2301 1193 2350 donec
1226 2299 1314 2350 ad·

250 2389 401 2424 versa
422 2376 565 2425 facta
599 2378 671 2425 sit
704 2376 848 2425 navis
881 2377 996 2426 loco
1032 2376 1315 2442 designato.

252 2450 426 2516 Atque
450 2450 523 2501 ibi
545 2452 829 2501 demittunt
863 2457 1034 2502 crates
1054 2453 1315 2515 vimineas,

251 2524 419 2575 forma
442 2526 723 2591 pyramidis
762 2527 962 2591 plexas,
991 2527 1191 2577 idoneis
1212 2529 1315 2577 lec-

252 2602 423 2667 tisque
446 2602 582 2651 adid
602 2600 859 2665 lapidibus
882 2603 1137 2666 oppletas.
1205 2602 1314 2651 De-

251 2681 465 2730 mittunt
485 2686 659 2729 autcm
684 2694 767 2727 eas
802 2693 833 2727 a
873 2693 1028 2742 prora
1064 2678 1315 2743 cujusque

251 2756 409 2817 navis,
432 2761 489 2805 ut
506 2755 583 2805 sic
601 2752 878 2804 obfirment
895 2760 950 2803 et
968 2760 1181 2803 teneant
1195 2768 1315 2806 con-

254 2838 335 2879 tra
353 2844 577 2880 cursum.
645 2830 805 2879 Simul
840 2837 1015 2880 antem
1036 2837 1191 2895 atque
1214 2844 1315 2879 una

251 2910 457 2957 navium
479 2908 553 2956 ita
572 2904 777 2955 firmata
797 2903 976 2968 fuerit,
1011 2911 1067 2954 et
1090 2905 1189 2955 alia
1199 2905 1318 2970 jux-

251 2990 309 3033 ta
329 2984 487 3047 iilam,
508 2998 628 3033 cum
663 2982 959 3043 intervallo,
993 2986 1241 3046 quantum
1262 2995 1316 3029 o·

250 3072 348 3123 pus
372 3057 581 3107 videtur
600 3055 667 3107 ad
684 3056 983 3107 firmitatem
999 3070 1176 3105 eorum
1200 3070 1317 3121 qnae

254 3134 629 3198 insternuntur,
647 3134 842 3197 pariter
866 3148 1019 3196 prora
1034 3130 1248 3182 obversa
1263 3131 1319 3181 in

254 3208 397 3261 fluvii
436 3225 643 3260 cursum
683 3208 964 3269 statuitnr3
997 3214 1053 3257 et
1080 3208 1133 3256 in
1172 3208 1321 3256 utris·

254 3300 355 3350 que
374 3285 518 3350 tigna
538 3284 716 3333 statim
733 3284 785 3332 in
802 3284 1060 3333 directum
1079 3282 1317 3347 injiciun-

256 3369 357 3425 tur,
380 3368 437 3411 et
458 3360 647 3411 tabulae
678 3373 978 3422 asseresque
1005 3366 1319 3409 transversa-

255 3439 319 3489 rii
356 3438 421 3489 ad
458 3438 887 3489 connectendum.
953 3436 1040 3487 Ita
1074 3450 1192 3485 mox
1226 3450 1321 3499 per

254 3523 457 3567 ceteras
487 3530 647 3565 naves
685 3530 815 3579 opus
839 3512 1094 3578 procedit,
1114 3519 1319 3577 quantae

256 3606 385 3657 opus
405 3598 527 3643 sunt
546 3592 611 3641 ad
644 3598 808 3641 totum
833 3595 1061 3653 pontem.
1128 3588 1323 3637 Utrim-

257 3683 358 3736 que
382 3674 553 3719 autem
578 3667 644 3719 ad
666 3673 828 3731 caput
852 3665 1029 3731 pontis
1054 3664 1244 3728 gradus
1268 3662 1321 3711 in

257 3749 448 3795 terram
472 3742 679 3808 depacti
717 3740 1051 3804 adjiciuntur,
1080 3754 1180 3803 quo
1202 3736 1323 3787 faci-

254 3820 351 3869 lior
374 3818 521 3883 equis
550 3817 902 3884 jumentisque
938 3816 1005 3865 sit
1041 3814 1321 3877 ingressus,

256 3903 312 3946 et
333 3895 483 3945 simul
506 3901 564 3944 ut
594 3892 742 3959 quasi
758 3891 1012 3941 vinculum
1036 3890 1140 3939 sint
1163 3889 1321 3940 totius

258 3968 467 4035 pontis!

324 4046 408 4096 Sic
442 4050 497 4095 et
534 4040 801 4109 Eunapius
836 4040 889 4090 in
932 4038 1118 4089 Suidsz
1168 4038 1185 4066 ⁸
1206 4038 1325 4088 Sur-

258 4135 368 4171 sum
402 4119 611 4185 paulum
646 4118 700 4166 in
743 4116 971 4165 statione
1008 4119 1130 4163 sunt
1166 4126 1325 4163 naves

260 4210 419 4262 supra
442 4196 611 4247 locum
653 4207 772 4244 eum
804 4189 951 4243 fluvii
988 4190 1077 4241 nbi
1114 4194 1327 4255 pontem

1389 1233 1580 1287 facturi
1604 1243 1741 1286 sunt.
1805 1235 1983 1299 Atque
2020 1233 2108 1283 ubi
2141 1234 2340 1298 signum
2365 1233 2455 1282 da-

1391 1319 1500 1362 tum
1524 1321 1625 1373 est,
1661 1326 1815 1360 unam
1854 1313 2020 1359 solnm
2061 1324 2090 1358 e
2127 1309 2342 1360 navibus
2365 1308 2457 1357 de·
2497 1338 2502 1346 -

1390 1389 1608 1436 mittunt
1665 1402 1828 1450 prono
1873 1384 2086 1435 flumine
2129 1384 2256 1434 ferri
2299 1385 2458 1448 juxta

1391 1481 1535 1514 snam
1576 1470 1634 1514 et
1671 1464 1884 1513 amicam
1925 1464 2126 1526 ripamz
2163 1477 2226 1510 ea
2263 1461 2356 1512 ubi
2389 1459 2456 1510 ad

1390 1545 1559 1591 locum
1591 1539 1936 1604 jungendum,
1965 1539 2214 1602 pontique
2236 1537 2463 1586 destina·

1391 1626 1500 1667 tum
1523 1617 1746 1674 venerit,
1785 1613 1995 1663 corbem
2033 1613 2236 1676 plenam
2275 1611 2458 1674 lapidi-

1392 1695 1488 1743 bus
1511 1693 1564 1742 in
1595 1691 1788 1741 flumen
1801 1690 2026 1754 jaciunt,
2047 1688 2314 1752 alligatum
2335 1685 2458 1736 fune

1391 1769 1636 1835 quodam,
1667 1767 1812 1816 velut
1845 1766 2139 1826 anchoram,
2176 1778 2279 1827 quo
2310 1763 2456 1811 navis

1392 1846 1636 1894 devincta
1655 1859 1718 1893 uc
1742 1843 1946 1892 firmata
1970 1842 2130 1905 juxta
2149 1841 2316 1903 ripam
2338 1852 2460 1890 con·

1390 1921 1549 1982 sistit,
1571 1927 1626 1970 et
1649 1921 1899 1970 sternitur
1923 1920 2077 1982 tignis
2095 1917 2458 1982 tabulisque...-

1391 1999 1532 2048 Dein
1556 2006 1611 2047 et
1642 1998 1813 2060 aliam,
1835 2012 1956 2047 mox
1987 1997 2138 2046 aliam
2161 2009 2346 2045 navem
2369 1995 2459 2044 de·

1390 2073 1608 2122 mittunt
1647 2073 1906 2134 similiter,
1945 2075 2045 2123 &c.
2111 2073 2243 2123 Quoe
2273 2077 2458 2120 eutem

1391 2148 1568 2197 hostili
1591 2149 1718 2210 ripae
1743 2148 1887 2196 navis
1910 2147 2114 2210 objacet
2135 2163 2150 2207 ;
2188 2161 2252 2196 ea
2273 2154 2328 2196 et
2353 2152 2459 2195 tnr-

1393 2237 1476 2271 res
1512 2222 1684 2286 habet,
1705 2228 1762 2271 et
1782 2229 1984 2285 portam
2005 2221 2282 2286 modicam,
2301 2228 2359 2270 et
2381 2236 2460 2270 sa-

1392 2296 1650 2362 gittarios,
1668 2303 1724 2346 et
1747 2295 2075 2360 catapultas?

1459 2371 1684 2435 Pontem]
1717 2371 1804 2421 Sic
1829 2370 1966 2435 apud
1991 2370 2312 2435 Euphratem
2334 2370 2459 2421 Cor·

1395 2448 1518 2498 bulo
1555 2447 1801 2497 adversus
1841 2448 2085 2511 Parthos,
2122 2446 2258 2496 Anu.
2295 2460 2385 2497 xv.
2407 2452 2459 2497 9.

1392 2523 1409 2550 ‘
1435 2522 1611 2572 Naves
1645 2523 1998 2587 magnitudine
2032 2528 2365 2586 praestantes,
2404 2528 2462 2570 et

1394 2612 1653 2647 connexas
1672 2598 1999 2659 trabibus,ac
2020 2597 2248 2647 turribus
2265 2602 2461 2660 auctas,

1394 2673 1506 2735 agit
1527 2686 1624 2737 per
1646 2686 1868 2733 amnem,
1888 2672 2270 2735 catapultisque
2293 2678 2348 2737 et
2371 2672 2460 2721 ba·

1391 2747 1527 2797 listis
1551 2748 1829 2811 proturbat
1842 2747 2111 2810 barbaros,
2122 2748 2176 2797 in
2188 2762 2318 2812 quos
2333 2763 2462 2798 saxa

1394 2828 1453 2892 et
1484 2822 1646 2871 hastae
1679 2822 1880 2886 longius
1919 2822 2273 2885 permeabant,
2306 2836 2460 2885 quam

1396 2902 1457 2946 nt
1496 2896 1755 2946 contrario
1796 2896 2102 2961 sagittarum
2133 2896 2286 2961 jactu
2325 2896 2461 2949 adae-

1398 2978 1700 3036 querentur.
1771 2972 1904 3021 Dein
1934 2984 2061 3035 pons
2093 2971 2461 3035 continuatus,'

1396 3052 1496 3098 dec.

1462 3130 1485 3157 ⁰
1517 3118 1708 3184 harri-5]
1749 3120 1936 3184 Colligi
1958 3121 2120 3185 possit
2141 3136 2206 3170 cx
2241 3127 2461 3187 utraque

1398 3200 1754 3262 descriptione
1784 3198 1976 3263 pontis,
2006 3205 2198 3248 turrem
2230 3198 2374 3247 illam
2407 3198 2462 3247 in

1397 3281 1633 3323 extrema
1655 3288 1787 3324 nave
1808 3274 1883 3323 ita
1903 3279 2225 3322 exstructam
2247 3286 2380 3336 esse,
2405 3279 2464 3323 nt

1398 3359 1573 3399 tamen
1597 3350 1686 3398 illa
1707 3350 1884 3411 turris,
1916 3356 2008 3398 aut
2041 3354 2274 3398 extrema
2296 3350 2463 3410 navis,

1398 3438 1501 3473 non
1526 3424 1703 3473 statim
1719 3424 1784 3473 ad
1808 3423 2098 3487 oppositam
2119 3437 2276 3487 usqne
2298 3423 2464 3487 ripam

1401 3502 1800 3566 perduceretur,
1825 3501 1915 3549 sed
1940 3501 2142 3562 sensim,
2164 3509 2319 3563 prout
2359 3508 2464 3551 tor·

1400 3577 1589 3627 mentis
1631 3591 1692 3626 ac
1738 3576 1982 3625 machinis
2017 3577 2192 3625 hostes
2236 3576 2464 3641 oppositi

1401 3652 1850 3717 proturbarentur,
1865 3659 2020 3718 prout
2041 3654 2154 3717 ripa
2173 3666 2465 3716 propugna-

1402 3729 1598 3778 toribus
1620 3729 1924 3790 nndaretur,
1955 3728 2164 3779 tandem
2188 3744 2318 3793 pons
2343 3742 2464 3777 cou-

1402 3804 1718 3869 tinuabatur,
1749 3812 1806 3854 et
1839 3804 2024 3854 sensim
2048 3804 2114 3854 ad
2137 3804 2358 3855 alterum
2383 3802 2467 3852 lit-

1404 3890 1489 3935 tus
1514 3884 1898 3949 perducebatur
1921 3884 2077 3933 turris
2098 3884 2188 3932 illa
2206 3888 2264 3931 et
2285 3880 2448 3932 navis-

1467 3960 1492 3995 ‘1
1527 3960 1719 4009 Turrim
1736 3959 2039 4021 struxerant]
2085 3959 2288 4021 Nempe
2311 3970 2464 4021 qnam

1399 4042 1728 4102 opponerent
1749 4034 2034 4087 Othoniani
2069 4032 2218 4095 ponti
2250 4038 2308 4081 et
2335 4032 2467 4082 turri

1400 4112 1834 4163 Vitellianorum:
1869 4108 1960 4159 sed
1984 4108 2151 4173 primo
2179 4106 2467 4171 Vitelliani,

1403 4195 1650 4255 tanquam
1691 4186 1982 4251 transituri,
2022 4184 2333 4236 simulabant
2377 4186 2466 4235 ad·
