2893 4742
1111 121 1158 176 ῳ

955 229 1462 292 ‘anawanum
1510 243 1657 292 ms.
1692 243 1741 294 1.
2194 235 2201 240 ’
2282 221 2457 298 ‘2153

237 383 350 462 ,⁵6-
395 383 604 466 segni-
621 361 998 470 spectatore
1049 385 1442 452 Hordeonio
1491 386 1743 454 Flacco
1790 385 2071 470 Legata.
2158 389 2268 454 5⁴7.
2313 387 2455 456 Va-

241 483 382 548 lem
411 485 768 550 Vitellium
803 486 1275 570 Imperatorem
1315 487 1709 566 consalutat,
1738 503 1976 570 magno
2000 489 2287 554 militum
2312 497 2455 557 stu-

237 585 392 664 dio;
485 585 598 651 58.
640 589 888 670 quibus
911 588 1335 670 poscentibus
1364 587 1553 653 multi
1582 590 1768 653 caesi.
1854 589 1966 656 59.
2008 587 2238 654 Julius
2270 589 2454 658 Civi-

235 687 320 752 lis
369 689 746 771 periculum
791 688 1040 754 evadit.
1128 688 1444 773 Undique
1480 689 1739 753 viribus
1788 697 2043 768 auctus,
2129 691 2239 756 60.
2283 692 2453 758 inter

229 789 466 854 foedas
497 791 902 874 Legatorum
930 791 1340 871 discordias,'
1383 793 1494 858 61.
1525 777 1695 856 duos
1726 793 2062 858 exercitus
2084 779 2159 856 in'
2180 791 2450 878 Italiam

229 891 455 956 mitat.
500 893 616 955 62.
637 892 889 976 Tot-pet
907 893 1254 975 vitellium
1297 879 1494 958 asdor⁴
1512 901 1579 958 et
1594 897 1703 960 vis
1726 895 2007 959 militum
2032 895 2203 959 uitro
2234 894 2448 959 Ducis

231 993 468 1054 munia
493 992 742 1074 implet.
811 993 923 1057 63.
969 993 1206 1058 Subito
1233 994 1453 1058 furore
1479 1001 1820 1079 correptus
1847 995 2039 1060 miles
2065 996 2150 1059 ab
2179 995 2447 1061 excidio

236 1093 573 1156 Divoduri
599 1112 776 1174 aegre
805 1100 1148 1177 temperat.
1237 1093 1503 1160 Gallias
1550 1101 1756 1160 terror
1804 1097 2081 1164 invadit.
2170 1098 2277 1162 64.
2320 1097 2447 1162 Vi-

229 1195 422 1258 tellio
454 1194 816 1260 adhaerent.
903 1197 1014 1262 65.
1059 1193 1541 1278 Lugdunenses
1594 1215 1685 1260 ex
1733 1203 1949 1262 vetere
1997 1198 2154 1263 odio
2196 1198 2443 1263 milites

227 1296 300 1358 in
325 1298 740 1362 eversionem
767 1295 1247 1362 Viennensium
1298 1295 1681 1381 impellunt3
1770 1297 1882 1364 66.
1928 1299 2045 1364 isti
2085 1304 2301 1364 tamen
2360 1299 2449 1364 do

225 1397 334 1459 nis
363 1398 720 1480 placantur
747 1402 818 1462 et
843 1398 1178 1480 precibus.
1263 1396 1569 1462 Valentis
1599 1401 1886 1464 avaritia
1910 1405 1981 1464 et
2007 1398 2240 1464 libido.
2326 1399 2439 1465 67.

221 1497 338 1562 ὦ.
393 1497 770 1578 Helvetios,
797 1497 1055 1563 Vitellii
1085 1497 1449 1582 Imperium
1498 1500 1884 1576 abnuenteS,
1937 1498 2231 1578 Caecina,
2275 1501 2441 1567 b'elli

225 1597 502 1676 aviduS,
531 1600 752 1665 caedit.
837 1599 949 1666 69.
995 1597 1392 1665 Aventicum
1422 1619 1591 1682 aegre
1631 1601 2083 1684 impunitatem
2130 1602 2439 1688 salutem-

223 1717 358 1780 que
411 1701 743 1782 impetrat.
852 1703 960 1766 70.
1014 1699 1096 1764 In
1151 1699 1414 1764 Vitellii
1470 1705 1694 1784 partes
1749 1707 2159 1783 transgressa
2211 1699 2433 1768 Italiae

223 1808 443 1881 parte,
477 1800 751 1866 Caecina
780 1799 992 1885 Alpes
1027 1809 1316 1884 superat.
1371 1820 1378 1830 ·
2478 1818 2484 1824 ’

309 1903 424 1967 71.
475 1901 652 1968 Otho
678 1902 1026 1986 prudenter
1055 1923 1132 1968 se
1161 1903 1363 1986 gerit;
1409 1903 1631 1969 Mario
1684 1901 1886 1970 Celso
1932 1904 2235 1988 ignoscit.
2316 1905 2432 1970 72.

217 2000 602 2084 Tigellinus
630 2005 936 2068 infamem
963 2005 1175 2070 vitam
1215 2007 1400 2070 exitu
1427 2005 1771 2070 inhonesto
1796 2005 2025 2070 foedat.
2110 2007 2221 2070 73.
2266 2003 2433 2070 Gal·

215 2104 338 2168 via
391 2103 782 2188 Crispinilla
831 2125 986 2170 cum
1036 2106 1216 2169 mala
1264 2104 1541 2168 Othonis
1580 2103 1762 2168 fama
1808 2105 2105 2187 periculo
2143 2111 2430 2172 exemta.

213 2207 330 2276 74.
365 2205 715 2291 Principes
745 2214 976 2272 mutuo
999 2207 1128 2272 sibi
1155 2205 1563 2272 conditiones
1591 2205 1902 2286 offerunt3
1946 2225 2107 2270 mox
2136 2207 2431 2274 rixantes

215 2307 482 2390 flagitia
526 2308 813 2373 invicem
869 2309 1221 2392 objectant,
1267 2312 1333 2370 et
1432 2310 1541 2371 75.
1584 2306 2003 2370 insidiatores
2050 2308 2425 2375 immittunt.

209 2410 332 2474 ⁴76.
377 2397 766 2475 'Distractis
821 2411 990 2473 inter
1041 2416 1392 2492 utrumque
1450 2408 1855 2471 exercitibus
1910 2426 1991 2472 ac
2036 2409 2425 2493 provinciis,

212 2510 402 2575 bello
428 2530 626 2601 opus.
690 2512 800 2576 77.
832 2508 1010 2575 Otho
1039 2510 1705 2605 Imperatorem-agiu
1748 2508 2061 2588 honores,
2119 2510 2230 2576 78.
2260 2512 2426 2577 civi-

213 2618 450 2689 tatem,
463 2614 620 2697 jura
635 2612 976 2694 dilargitur
986 2633 1020 2677 :·
1037 2612 1122 2676 de
1139 2612 1535 2677 celebranda
1556 2612 1845 2677 Neronis
1860 2614 2177 2677 memoria
2198 2614 2425 2695 agitat.

301 2714 417 2778 79.
467 2714 787 2780 Sarmatae
820 2712 1158 2779 Roxolani
1191 2712 1509 2779 Moesiam
1538 2715 1970 2797 irrumpentes
2000 2714 2186 2777 caesi.
2248 2712 2423 2779 80-

209 2814 328 2881 82.
391 2814 646 2881 Seditio
691 2817 935 2899 graviS,
980 2816 1047 2878 in
1097 2815 1252 2897 ipsa
1295 2814 1455 2879 urbe
1504 2822 1742 2879 temere
1784 2820 1951 2892 orta,
1991 2832 2143 2877 cum
2183 2832 2421 2897 magno

209 2918 396 2991 metu
425 2922 624 2999 atque
653 2917 1027 2981 discrimine
1047 2916 1413 2998 primorum
1435 2916 1753 2992 civitatis,
1770 2915 2081 2997 precibus
2108 2920 2177 2979 et
2202 2916 2421 3001 lacry-

207 3018 344 3081 mis
399 3014 683 3082 Othonis
725 3016 1158 3100 componitur,
1206 3019 1324 3099 qui
1410 3017 1521 3083 83.
1566 3016 1674 3081 84.
1716 3016 1961 3079 milites
1988 3015 2099 3080 'ad
2140 3034 2417 3083 concor-

208 3117 400 3183 diam
451 3123 521 3182 et
565 3118 954 3183 modestiam
984 3116 1308 3197 hortatur,
1393 3116 1501 3182 85.
1547 3116 1709 3183 Istis
1749 3118 2161 3200 compositis,
2191 3120 2417 3186 omnia

205 3219 668 3303 suspicionum
713 3228 792 3283 et«
815 3218 1184 3284 formidinis
1203 3248 1211 3255 ,
1231 3220 1452 3302 plena,
1502 3220 1849 3304 praecipuo
1896 3218 2171 3295 Patrum
2214 3226 2417 3285 metu.

204 3320 318 3385 86.
375 3320 698 3405 Prodigia
746 3320 1046 3385 Othonis·
1077 3321 1336 3385 cladem
1381 3320 1867 3405 praesagientia.
1954 3321 2063 3385 87.
2124 3318 2225 3398 IS,
2274 3320 2413 3385 lus-

205 3410 385 3489 'trata
440 3422 627 3499 urbe,
681 3420 1184 3486 Narbonensem
1228 3408 1522 3487 Galliam
1552 3422 1821 3505 aggredi
1848 3424 2103 3501 statuit,
2148 3428 2217 3488 et
2300 3422 2413 3489 88.

197 3544 360 3590 cum
407 3526 634 3587 multis
691 3524 1021 3587 nobilibus
1075 3521 1158 3587 L.
1195 3522 1536 3587 Vitellium
1590 3524 1817 3588 aemuli
1866 3521 2130 3587 fratrom
2184 3541 2411 3591 secum

197 3625 412 3691 ducit.
501 3626 612 3690 89.
659 3624 822 3689 Inde
850 3624 1017 3690 varii
1045 3626 1410 3689 animorum
1449 3630 1689 3689 motus.
1774 3624 1886 3690 90.
1932 3622 2409 3689 Commendata

198 3726 518 3792 Patribus
547 3725 934 3808 Republica
963 3724 1141 3790 Otho
1169 3726 1432 3791 festinat
1461 3724 1549 3789 ad
1571 3724 1841 3789 bellum.
1928 3722 2241 3789 Trachali
2268 3723 2407 3787 elo-

195 3831 476 3910 quentia
525 3846 696 3893 usus
727 3827 927 3905 Otho,
959 3830 1028 3891 in
1057 3846 1256 3912 quem
1279 3828 1527 3893 studia
1560 3832 1633 3892 et
1670 3845 1873 3892 voces
1902 3826 2102 3908 vulgi.
2187 3824 2408 3890 Gesta

191 3926 340 3997 haec
366 3931 614 4017 paucis
641 3931 1003 4009 mensibus,
2408 3930 2413 3938 '

296 4024 304 4027 ’
446 4110 452 4115 ,
571 4046 736 4097 rur.
779 4048 996 4107 ssssv.
1038 4046 1290 4099 canu
1338 4046 1431 4097 m·
1476 4047 1547 4096 τ.
1578 4046 1785 4097 visio
1830 4044 2029 4099 eosS.
