2893 4742
242 371 299 422 J.
321 372 383 436 c.
393 371 511 438 aa]

952 367 1484 418 msTomARUM
1535 367 1680 418 mn.
1725 369 1808 419 11.

2265 353 2442 420 2585

1230 541 1452 592 NOTA-2

232 645 359 706 fuit,
398 650 453 700 ut
484 650 801 704 certaminum
848 646 1031 697 vel-se
1072 647 1188 712 ipse
1210 647 1299 696 ab·

246 723 401 772 solvit
426 737 521 787 pro
556 739 647 774 suo
676 725 818 788 jure,
838 731 895 773 et
934 739 991 774 so
1017 725 1197 788 §adice
1238 735 1299 774 ac

246 799 513 864 priucipc3
551 800 633 848 vcl
668 799 741 849 sic
787 801 932 864 dicit,
974 800 1112 864 quia,
1132 801 1303 849 occiso

248 873 436 936 Galba,
468 875 620 923 resin
646 871 701 924 se
734 877 1001 925 transtulit
1023 876 1131 924 sine
1154 876 1307 939 bello,

248 949 359 998 sine
395 950 603 1012 praeliis,
642 957 699 1000 et
734 965 797 1001 eo
836 951 1005 1000 animo
1040 950 1201 999 videri
1226 963 1309 998 vo-

244 1024 344 1072 luit
376 1024 701 1074 interemisse
744 1025 983 1086 Galbam,
1004 1025 1151 1088 quasi
1192 1025 1309 1072 red-

247 1099 373 1158 dere
405 1101 665 1164 Rempub.
706 1109 761 1150 et
792 1101 1085 1152 libertatem
1116 1101 1307 1164 populo

247 1175 399 1226 Rom.
447 1177 639 1238 vellet3
694 1191 817 1226 vere
860 1189 925 1226 an
954 1174 1105 1237 falso,
1146 1175 1311 1224 iuce'r-

248 1259 379 1303 tum.

315 1327 384 1376 Et
403 1328 525 1392 qnia
538 1328 760 1377 maxime
797 1327 981 1377 oderat
1012 1326 1153 1376 bella
1183 1325 1309 1376 civi-

250 1401 339 1462 lia,
362 1402 435 1450 ita
458 1409 517 1451 ut
538 1403 667 1450 mori
693 1403 953 1463 maluerit,
985 1402 1099 1450 scil.
1125 1409 1182 1450 ut
1207 1401 1310 1449 dis-

246 1478 439 1525 crimen
468 1477 704 1526 ultimum
726 1477 947 1541 Reipub.
970 1477 1309 1538 condonaret,

248 1557 394 1602 certe
438 1552 714 1603 verisimile
756 1561 867 1606 est.
905 1554 1163 1604 Othonem
1228 1567 1309 1602 res

247 1627 537 1678 transferre
560 1630 777 1680 voluisse
798 1630 906 1680 sine
939 1629 1093 1694 bello,
1114 1643 1175 1678 ac
1198 1644 1311 1704 spe·-

249 1717 414 1752 rasse.

316 1779 508 1828 Contra
536 1779 779 1828 Vitellius
813 1778 1087 1828 rebellavit
1128 1776 1309 1826 adver-

249 1869 339 1904 sus
380 1853 625 1915 Galbam,
666 1869 765 1904 nec
806 1855 917 1903 sine
968 1853 1105 1902 bello
1169 1854 1311 1903 civili

248 1928 507 1993 Rempub.
532 1930 775 1980 invadere
802 1930 1003 1993 potuit3
1044 1925 1313 1978 interfecit

250 2006 415 2055 multa
454 2005 617 2054 millia
646 2005 855 2066 civium,
890 2019 1017 2068 quos
1056 2017 1221 2052 caesos
1257 2009 1313 2052 et

248 2080 537 2144 insepultos
570 2079 721 2129 siccis
761 2078 925 2128 ocuiis
956 2077 1087 2128 vidit
1120 2079 1315 2142 campis

253 2155 703 2205 Bedriacensibus.
1290 2197 1295 2204 .

316 2233 332 2260 ‘
352 2229 437 2280 Au
454 2237 617 2282 ....tot
638 2229 873 2294 egregios
894 2229 1313 2280 exercitus-ster-

252 2305 308 2356 ni
347 2321 537 2368 rursus,
568 2315 625 2356 et
664 2307 883 2368 Reipuh.
919 2305 1053 2370 eripi
1092 2305 1311 2369 patiar?

252 2383 426 2432 aiebat
450 2382 592 2433 Otho
614 2383 855 2431 moriens.
918 2382 1111 2431 Contra
1144 2380 1313 2429 Vitei-

252 2459 383 2509 lius:
421 2460 436 2487 ‘
458 2458 701 2507 insistere
724 2456 1159 2507 Bedriacensibus
1180 2470 1315 2504 cam-

254 2534 353 2597 pis,
374 2548 437 2583 ae
458 2533 679 2596 vestigia
698 2532 925 2582 recentis
952 2530 1183 2581 victoriae
1216 2532 1317 2579 lus-

254 2617 397 2661 trare
418 2609 601 2663 ,oculis
639 2606 977 2671 concupivit3
1010 2605 1205 2655 foedum
1238 2613 1316 2656 at?

254 2700 356 2749 que
377 2692 527 2735 atrox
546 2686 897 2749 spectaculum
998 2684 1171 2733 lacera
1202 2697 1314 2733 coro

254 2777 403 2826 pora,
424 2762 601 2812 tmnci
639 2768 803 2823 artus,
839 2766 1019 2824 putres
1051 2774 1317 2823 equorum,

258 2836 587 2901 virorumque
628 2835 845 2897 formae:
890 2841 1011 2887 ἀρ..
1056 2836 1130 2886 At
1169 2843 1317 2887 certe

258 2913 405 2963 Otho
443 2913 710 2963 exhorruit
736 2912 881 2973 talia,
904 2918 961 2961 et
984 2912 1155 2974 perire
1196 2918 1321 2967 aute

252 2986 441 3053 fatum,
462 2996 521 3039 et
532 2989 737 3051 integra
759 2986 971 3037 fortuna
992 2987 1201 3035 maluit:
1224 2986 1321 3047 sic,

254 3064 473 3127 scilicet,
510 3066 657 3115 velut
700 3064 834 3113 alter
873 3062 1091 3125 Decius,
1126 3076 1183 3111 se
1226 3076 1321 3125 pre

250 3140 419 3189 salute
438 3140 629 3189 civium
650 3138 805 3189 morti
834 3138 1043 3188 obtulit.

323 3216 445 3264 Non
501 3216 655 3265 stetit
710 3229 806 3279 per
860 3214 1140 3277 Othonem,
1198 3214 1321 3278 quin

254 3288 629 3339 transferretur
664 3288 935 3352 imperium
956 3288 1066 3337 sine
1092 3288 1229 3337 hello
1250 3288 1323 3337 ci-

260 3364 367 3413 vili.
430 3364 538 3413 Sed
582 3364 847 3425 Vitellius,
889 3362 999 3413 sive
1044 3362 1323 3415 rebellaret

256 3442 503 3493 adversus
535 3442 757 3491 Galbam
792 3454 885 3491 seu
911 3440 1193 3503 Othonem,
1216 3441 1325 3493 hel·

254 3520 311 3569 lo
332 3520 627 3569 necessario
648 3532 779 3582 opus
816 3517 937 3579 fuit,
960 3532 1129 3582 neque
1156 3518 1325 3569 fortu-

254 3608 327 3645 na
344 3597 495 3645 aliter
514 3596 727 3659 transigi
746 3596 937 3658 potuit.

320 3674 475 3725 Quod
500 3674 721 3721 maxime
756 3670 1133 3721 advertendum
1156 3687 1173 3721 ε
1206 3672 1322 3721 lioec

254 3749 501 3800 dicuntur
522 3763 553 3796 a
574 3748 795 3797 diversis
828 3746 1063 3811 partibus
1101 3761 1193 3797 seu
1214 3745 1322 3797 fae-

256 3824 519 3883 tiouihua;
560 3838 657 3873 uec
680 3823 883 3883 mirum,
906 3822 951 3871 si
978 3821 1185 3871 diversa
1214 3822 1323 3873 haec

256 3908 317 3951 et
360 3902 602 3964 opposita
640 3900 939 3949 videantur:
986 3907 1131 3948 certe
1168 3898 1325 3949 animi

256 3982 369 4027 tum
392 3979 615 4025 maxime
636 3975 829 4025 diversi
850 3982 907 4023 et
938 3975 1145 4024 hostiles
1178 3976 1325 4023 bellis

254 4042 517 4103 civilibus.
584 4054 714 4103 02·ae
738 4052 964 4112 diversa,
980 4054 1091 4101 uaec
1116 4052 1327 4101 matoria

258 4142 429 4193 neque
454 4132 579 4179 satis
602 4128 839 4191 expedit,
854 4142 1025 4191 neque
1046 4125 1183 4176 sorte
1200 4128 1327 4176 satis

260 4205 513 4271 expedire
568 4213 746 4270 potest
798 4212 889 4255 aut
952 4204 1133 4270 debet,
1190 4204 1326 4255 iuter

1380 651 1462 695 tot
1513 650 1786 710 tantasque
1843 658 2016 696 rerum
2058 645 2440 712 animorumque

1386 722 1684 772 discordias.
2431 769 2440 780 ,

1451 797 1631 847 Refert
1677 803 1860 848 auctor
1900 812 1980 860 ea,
2025 804 2085 847 ut
2126 803 2247 847 sunt
2279 797 2444 860 dicta,

1388 873 1550 935 facta,
1573 889 1633 922 ac
1659 881 1939 923 transacta.
2005 872 2130 926 Quis
2152 888 2328 922 verum
2352 879 2444 922 aut

1386 959 1587 1001 certum
1617 953 1902 1014 distinguat
1941 959 2156 1001 eruatve
2195 967 2261 1000 ex
2303 951 2445 1013 iuge-

1386 1027 1482 1076 niis
1503 1028 1756 1090 humanis,
1781 1033 1898 1090 post
1919 1028 2108 1076 multos
2129 1041 2305 1087 anuos,
2327 1041 2444 1090 quae

1389 1116 1552 1166 neque
1589 1117 1684 1152 suo
1729 1111 1962 1166 tempore
2007 1102 2132 1150 satis
2175 1107 2448 1164 comperta

1388 1178 1572 1226 eraut?
1617 1177 1756 1225 Tota
1773 1177 2009 1240 voluptas
2045 1177 2304 1224 bominum
2343 1183 2444 1236 est,

1390 1252 1433 1300 si
1453 1252 1778 1314 dissentiant,
1817 1253 1858 1300 si
1879 1252 2079 1310 fallant,
2099 1265 2160 1300 ac
2181 1249 2448 1300 fallantur.

1390 1327 1548 1376 Certe
1580 1334 1685 1376 tum
1719 1329 1880 1376 etiam
1917 1328 2082 1376 multa
2115 1325 2448 1390 particularia

1388 1401 1711 1465 ignorarunt,
1733 1403 1915 1467 quibis
1939 1403 2173 1450 aderaut.
2241 1413 2246 1416 ·

1454 1477 1656 1526 Initium
1697 1477 1820 1542 illic]
1895 1478 2169 1528 Vulcatius·
2197 1477 2250 1526 in
2289 1475 2447 1526 Avid.

1389 1553 1563 1606 Cassio
1585 1555 1660 1604 sic
1681 1554 1866 1606 habet:
1905 1555 1920 1584 ‘
1945 1555 2082 1606 Quid
2117 1555 2162 1604 si
2193 1555 2278 1604 ille
2301 1555 2452 1604 vicis-

1388 1631 1500 1680 set?
1520 1629 1752 1695 (Cassius
1774 1629 1913 1694 scil.)
1935 1631 2054 1683 Non
2069 1630 2142 1680 sic
2162 1631 2301 1680 Deos
2324 1632 2449 1680 coli.-

1387 1719 1519 1766 mus,
1551 1704 1734 1754 necsic
1772 1706 2010 1766 vivimus,
2031 1706 2206 1756 aiebat
2237 1705 2453 1766 Antoni-

1388 1793 1504 1838 nus,
1525 1785 1585 1828 ut
1619 1779 1707 1828 ille
1729 1793 1822 1828 uos
1855 1781 2104 1830 vinceret.
2169 1783 2451 1830 Enumera-

1391 1854 1469 1904 vit
1487 1854 1674 1904 deinde
1696 1869 1870 1904 omnes
1885 1856 2165 1920 principes,
2184 1859 2270 1921 qui
2293 1858 2452 1907 occisi

1390 1941 1586 1992 essent,
1599 1931 1840 1980 habuisse
1863 1923 2062 1996 causas,
2083 1933 2265 1996 quibus
2285 1947 2452 1980 mere-

1392 2012 1576 2055 rentur
1595 2006 1800 2066 occidi;
1833 2019 1932 2056 nec
1967 2021 2258 2071 quenquam
2297 2007 2455 2056 facile

1393 2081 1601 2145 bouum,
1623 2083 1706 2130 vel
1729 2082 1924 2132 victum
1943 2097 1976 2131 a
1997 2089 2236 2146 tyranno,
2258 2085 2342 2131 vel
2367 2097 2454 2131 or-

1394 2157 1594 2217 cisum;
1637 2157 1836 2220 diceus,
1879 2160 2130 2208 meruisse
2171 2161 2454 2220 Neronem,

1392 2231 1635 2282 debuisse
1663 2234 1966 2298 Caligulam,
1987 2235 2250 2287 Othonem
2275 2243 2330 2284 et
2367 2237 2455 2281 vi-

1394 2309 1595 2358 tellium
1619 2324 1714 2360 nec
1735 2310 1992 2374 imperare
2027 2311 2286 2361 voluisse?
2351 2310 2456 2358 Ubi

1392 2386 1531 2435 male
1551 2386 1753 2449 reponit
1783 2388 2134 2451 Omnibonus,
2163 2388 2380 2449 valuisse,
2403 2393 2456 2435 et

1394 2462 1547 2523 dicit,
1565 2464 1760 2511 vomu
1787 2462 2069 2513 Othonem.

1463 2537 1602 2587 Nam
1623 2543 1770 2587 certe
1789 2552 1960 2601 neque
1993 2537 2134 2587 Otho
2169 2552 2338 2601 neque
2373 2536 2460 2585 Vi-

1396 2612 1570 2661 tellius
1589 2613 1718 2661 satis
1755 2619 2056 2663 constanter
2091 2614 2347 2676 imperare
2375 2628 2460 2661 vo-

1394 2686 1620 2747 luerunt,
1658 2693 1718 2736 ut
1759 2688 1850 2750 qui
1893 2701 1948 2735 se
1991 2687 2090 2750 ipsi
2133 2694 2296 2737 tantae
2335 2687 2457 2734 moli

1395 2775 1550 2823 pares
1585 2776 1686 2811 uon
1721 2762 2119 2810 arbitrarentur.
2187 2762 2330 2810 Otho
2369 2763 2462 2809 im-

1396 2837 1596 2900 perium
1633 2836 1912 2898 occupavit
1951 2835 2253 2899 desperans,
2287 2843 2342 2882 et
2385 2838 2460 2882 iu,-

1394 2912 1624 2976 stigante
1661 2913 1679 2939 ⁴
1713 2910 2072 2975 magnitudine
2113 2910 2232 2959 reris
2267 2912 2418 2958 alieni
2445 2928 2461 2971 ς

1398 3002 1590 3052 neque.
1611 2987 1748 3036 euim
1775 2985 2148 3047 dissimulabat,
2193 2985 2288 3033 nisi
2323 2984 2461 3047 prin-

1398 3065 1574 3127 cipem
1607 3078 1664 3113 se
1705 3072 1844 3113 stare
1869 3076 1968 3111 non
2013 3074 2196 3124 μοιδεῖ,
2230 3059 2460 3122 nihilque

1402 3140 1621 3201 referre,
1642 3139 1708 3187 ab
1731 3140 1878 3189 hoste
1911 3138 1966 3185 iu
2001 3137 2134 3197 acie,
2155 3150 2220 3184 aa
2257 3136 2310 3184 in
2347 3136 2462 3184 foro

1398 3217 1496 3267 sub
1519 3216 1862 3265 creditoribus
1883 3212 2130 3263 caderet!
2171 3214 2387 3261 Sueton.
2412 3216 2462 3259 5.

1473 3292 1631 3341 Certe
1667 3289 1908 3355 adoptari
1933 3290 2132 3339 voluit:
2155 3287 2248 3337 sed
2287 3288 2466 3337 statim

1401 3368 1650 3432 poenituit
1667 3366 1888 3415 voluisse
1901 3363 1951 3412 τί
1971 3363 2066 3428 ’γὸρ
2084 3382 2162 3424 μοι
2183 3363 2260 3413 καὶ
2273 3366 2468 3426 μωφοῖς

1402 3444 1595 3503 arianis-3
1637 3443 1749 3506 quid
1769 3442 1892 3490 aba
1907 3442 2026 3489 mihi
2047 3448 2094 3490 et
2115 3442 2271 3503 longis
2289 3442 2423 3490 tibiis
2441 3440 2468 3491 :1

1402 3520 1532 3567 Mox
1559 3518 1725 3566 voluit
1759 3516 1942 3577 etiam,
1981 3522 2042 3563 ut
2063 3517 2204 3576 vulgo
2228 3517 2468 3577 jactatam

1296 3638 1305 3645 .
1403 3602 1506 3656 est,
1535 3594 1816 3643 restituere
1835 3592 2107 3641 libertatem
2144 3596 2192 3641 et
2235 3592 2470 3655 Rempub.

1400 3672 1616 3719 Sueton-
1681 3669 1872 3733 Itaque
1893 3682 1998 3715 non
2021 3666 2150 3716 satis
2165 3672 2470 3715 constanter

1404 3748 1571 3795 voluit
1591 3746 1868 3808 imperare,
1889 3745 2027 3809 quia,
2045 3759 2100 3792 se
2109 3743 2307 3807 judice,
2333 3756 2467 3792 sum-

1404 3836 1502 3871 mae
1521 3821 1746 3871 sortunoe
1767 3822 1952 3885 impar.

1469 3898 1690 3961 Segnius
1713 3897 1870 3947 etiam
1895 3902 1948 3946 et
1981 3897 2146 3944 minus
2168 3896 2471 3943 constanter

1410 3973 1664 4037 imperare
1689 3972 1853 4021 voluit
1877 3972 2155 4020 Vitellius:
2179 3984 2296 4020 cum
2323 3984 2472 4031 urge-

1406 4058 1527 4100 rent
1565 4050 1745 4113 legati,
1785 4051 1800 4077 ⁴
1821 4048 2154 4113 quatiebatur
2183 4048 2266 4095 his
2310 4060 2470 4109 segue

1402 4128 1686 4191 ingenium,
1739 4134 1800 4175 ut
1869 4124 2263 4187 concupisceret
2305 4122 2467 4186 magis

1402 4218 1562 4269 quam
1585 4208 1644 4254 ut
1659 4198 1936 4267 speraret?
1971 4198 2146 4250 Tacit.
