2893 4742
924 350 1407 405 :strumum
1463 352 1612 403 mn.
1660 351 1743 402 n.
2253 332 2430 403 m

228 500 339 579 tit,
394 498 515 567 ubi
622 496 733 565 23.
800 494 1157 564 Othoniani
1206 516 1528 580 prospere
1575 498 1888 581 pugnant.
1995 493 2428 563 vincentium

230 602 555 686 impetum
600 601 959 683 reprimunt
1008 600 1263 677 Duces,
1294 598 1450 661 iude
1496 599 1790 681 suspecti
1841 597 2006 663 fiunt
2047 598 2209 663 suis.
2315 599 2430 663 21.

232 700 533 769 Cuccium
560 701 843 767 iusidias
882 702 951 764 in
1000 700 1219 783 ipsum
1244 700 1443 763 vertit
1467 698 1828 763 Suetonius
1857 698 2199 777 Paulinus,
2231 698 2428 783 cujus

232 804 347 871 25.
390 803 811 875 cunctatione
837 801 1175 868 Vitelliani
1204 807 1578 865 servantur.
1663 800 1774 865 26.
1819 798 2168 884 Utrimque
2193 800 2428 864 tumul-

236 911 501 971 tuantur
524 905 791 971 milites.

324 1006 437 1071 27.
480 1006 733 1071 Valens
780 1005 853 1069 in
898 1004 1163 1069 Italiam
1214 1004 1452 1087 copias
1481 1002 1684 1068 ducit.
1767 1000 1880 1067 28.
1927 1001 2039 1067 29.
2081 1000 2332 1066 Gravis
2353 1002 2429 1067 in

236 1110 389 1194 ejus
416 1108 715 1173 exercitu
738 1112 889 1171 orta
912 1106 1322 1171 Batavorum
1350 1104 1592 1169 seditio
1617 1102 1904 1187 Alpheni
1947 1100 2114 1167 Vari
2151 1103 2430 1169 consilio

239 1210 635 1292 composita.
722 1209 830 1273 80.
859 1208 1129 1273 Junctis
1158 1210 1381 1283 anniS,
1410 1206 1836 1271 simulatione
1861 1222 2251 1289 suppressa,
2279 1203 2430 1269 (3oe-

238 1309 395 1375 cina
438 1329 523 1375 ac
562 1309 814 1376 Valens
840 1308 1183 1373 Vitellium
1211 1309 1458 1387 fovent,
1491 1308 1741 1372 Othoni
1789 1308 2032 1389 probra
2075 1306 2428 1389 objectant.

236 1408 487 1477 Eorum
510 1412 619 1477 31.
650 1409 1061 1493 othonisque
1109 1417 1175 1477 et
1221 1408 1482 1475 Vitellii
1527 1406 1958 1492 comparatio.
2051 1404 2228 1471 Otho
2275 1424 2434 1471 con-

236 1512 445 1578 sultat
493 1512 577 1576 de
632 1511 890 1577 ratione
932 1512 1119 1577 belli.
1220 1512 1335 1576 32.
1400 1510 1766 1575 Suetonius
1813 1507 2136 1572 Paulinus
2181 1526 2432 1573 moram

239 1612 497 1679 madet.
580 1612 693 1678 33.
737 1611 987 1677 Titiani
1029 1610 1245 1676 fratris
1292 1616 1360 1674 et
1404 1611 1680 1675 Proculi
1721 1608 2006 1673 consilia
2049 1609 2434 1691 praevalent.

241 1710 423 1779 Otho
452 1732 605 1777 cum
634 1712 861 1779 valida
888 1732 1085 1779 manu
1114 1712 1482 1775 Brixellum
1507 1710 1834 1775 concedit.
1935 1710 2050 1775 34.
2094 1708 2436 1776 Vitelliani

240 1815 589 1880 transitum
628 1812 803 1879 Padi
846 1815 1197 1893 simulant3
1258 1812 1365 1877 35.
1394 1814 1508 1878 36.
1553 1831 1750 1896 quem
1779 1811 2198 1894 prohibentes
2227 1810 2436 1884 Otho-

238 1914 422 1979 niani
452 1914 813 1981 caeduntur.
900 1916 1011 1979 37.
1057 1912 1297 1979 Vanus
1338 1932 1582 1990 rumor,
1621 1931 1870 1995 pavore
1896 1912 2054 1977 belli
2081 1912 2438 1978 fastidiove

240 2016 584 2099 utriusque
613 2014 967 2099 Principis,
988 2015 1183 2099 pacis
1212 2014 1494 2079 consilia
1519 2013 1682 2077 inter
1707 2014 2038 2077 exercitus
2063 2013 2276 2077 fuisse
2299 2015 2438 2097 agi·

238 2121 403 2181 tata.
508 2116 619 2182 38.
686 2116 1033 2182 Excursus
1080 2113 1165 2179 de
1211 2114 1544 2198 prioribus
1589 2113 1676 2177 P.
1729 2112 1818 2176 R.
1871 2113 2179 2177 civilibus
2225 2113 2438 2179 bellis.

238 2214 355 2283 8⁹.
398 2216 505 2283 40.
550 2216 855 2283 Titianus
882 2220 950 2281 et
977 2214 1309 2281 Proculus
1336 2212 1423 2279 ad
1452 2217 1758 2296 quartum
1787 2232 1832 2277 a
1869 2212 2196 2277 Bedriaco
2224 2220 2442 2278 castra

238 2318 537 2402 imperite
588 2322 1001 2402 promovent.
1118 2315 1425 2383 Ducibus
1475 2314 1721 2394 dubiis,
1777 2332 1918 2379 rem
1970 2314 2044 2380 in
2093 2313 2444 2380 discrimen

239 2418 417 2486 mitti
447 2418 625 2484 Otho
644 2419 890 2501 jubet:
944 2419 1226 2485 41—43.
1272 2417 1738 2482 Bedriacensis
1765 2435 2012 2500 pugna.
2091 2417 2202 2482 44.
2236 2416 2446 2484 Otho—

238 2519 587 2586 nianorum
631 2519 791 2602 fuga
836 2527 908 2587 et
950 2522 1271 2589 adversus
1314 2520 1546 2586 Duces
1573 2537 1732 2584 suos
1757 2519 1880 2582 ira.
1965 2519 2074 2582 45.
2118 2517 2444 2586 Induciae·

242 2619 435 2688 Victi
462 2641 615 2686 cum
640 2623 1027 2702 victoribus,
1074 2623 1145 2686 in
1194 2623 1528 2704 lacrymas
1573 2618 1792 2696 effusi,
1825 2619 2056 2685 civilia
2103 2619 2281 2683 bella
2331 2618 2446 2683 de-

240 2727 585 2790 tosnutur.
692 2724 973 2790 46—49.
1018 2724 1326 2807 Accepto
1376 2721 1592 2786 cladis
1635 2721 1892 2798 nuntio,
1932 2719 2134 2798 Otho,
2181 2719 2447 2784 consilii

242 2829 481 2901 catus,
532 2827 773 2907 spretis
828 2827 1189 2890 amicorum
1244 2822 1660 2903 milimque
1713 2821 1999 2897 solatiis,
2053 2819 2447 2884 seditionem

244 2925 630 3008 compescit,
659 2930 726 2990 et
770 2925 839 2988 in
880 2925 1125 2990 ferrum
1172 2930 1441 3007 pectore
1469 2923 1813 2987 incumbit.
1901 2921 2132 2985 Funus
2159 2927 2448 2986 matura-

244 3031 409 3090 tum.
492 3021 607 3090 Ad
632 3045 867 3108 rogum
894 3026 1172 3110 quidam
1183 3027 1468 3090 militum
1491 3044 1570 3090 se
1593 3024 2013 3090 interficiunt.
2099 3024 2208 3088 50.
2241 3022 2448 3114 Otho-

242 3125 355 3192 nis
386 3132 578 3206 mus,
604 3129 814 3210 origo,
840 3129 1045 3192 fama.

330 3229 441 3294 51.
489 3227 765 3295 Novata
817 3231 1001 3296 luctu
1059 3249 1142 3295 ac
1202 3229 1433 3294 dolore
1485 3226 1768 3292 militum
1819 3227 2082 3293 seditio.
2167 3225 2449 3317 {52-54,

246 3330 419 3398 Pars
460 3332 769 3410 Senatus,
824 3331 1157 3398 Othonem
1202 3339 1454 3408 secuta,
1485 3333 1854 3393 extremum
1891 3327 2242 3392 discrimen
2285 3329 2450 3395 adit.

244 3433 357 3498 56.
426 3433 669 3499 Romoe
722 3434 1185 3518 trepidationis
1230 3433 1415 3511 nihil,
1505 3435 1888 3514 spectantur
1941 3429 2130 3510 ludi3
2221 3429 2452 3496 audita

245 3528 526 3598 Othonis
558 3539 785 3612 morte,
817 3532 1093 3598 Vitellio
1123 3533 1484 3618 plauditur.
1571 3532 1682 3596 56.
1709 3528 1956 3595 Gravis
1986 3529 2208 3595 Italiae
2239 3532 2454 3598 victor

244 3636 595 3700 exercitus.
678 3637 793 3703 6⁷.
835 3635 1155 3702 Vitellius
1197 3637 1495 3700 nuntium
1543 3632 1630 3698 de
1673 3632 1958 3697 victoria
2003 3651 2130 3696 sua
2176 3631 2450 3716 accipit,

244 3733 356 3801 ⁵8.
397 3737 731 3820 simulque
762 3738 847 3808 de
870 3743 1278 3820 transgressa
1324 3739 1393 3802 in
1434 3741 1658 3820 partes
1683 3753 1846 3798 suas
1873 3738 2156 3817 utraque
2187 3731 2454 3797 Maure·

248 3837 443 3902 lania.
562 3840 673 3904 59.
738 3839 951 3904 Bloesi
1006 3839 1285 3904 verniles
1337 3836 1700 3902 blanditias
1750 3833 1924 3898 odiis
1975 3839 2224 3917 pensat.
2339 3833 2451 3897 60.

250 3933 767 4004 Othonianorum
827 3940 1315 4023 promussimos
1368 3937 1798 4004 Centuriones
1845 3935 2177 4012 interficit,
2223 3933 2454 3999 Duces

252 4037 563 4104 disolvit.
644 4041 757 4106 61.
778 4041 1121 4117 -Maricci,
1160 4040 1450 4104 inserere
1495 4057 1650 4104 sese
1675 4036 1958 4101 fortunae
1989 4035 2159 4112 ausi,
2199 4032 2456 4118 suppli-

252 4139 447 4208 cium.
530 4141 643 4210 62.
683 4139 945 4208 Vitellii
968 4141 1149 4226 gula,
1192 4141 1395 4228 leges.
1479 4139 1792 4228 spretum
1818 4134 2106 4220 Augusti
2133 4133 2455 4204 cnemis-
