2893 4742
217 345 278 400 J.
303 346 364 399 Ο.
385 344 504 410 θα]

943 339 1473 392 ms'rottnutuu
1524 341 1597 390 121
1608 341 1671 394 Β.
1716 341 1771 392 1.

229 483 536 550 donativi
576 481 1084 550 necessitatem⁸
1111 483 1325 550 bello³y
1351 483 1827 568 perdidissent.
1899 481 2215 588 ‘Constass
2242 457 2439 567 potu-

225 678 374 731 ωει-
390 677 446 730 t·
467 679 568 729 κω
587 667 864 742 muni.
881 678 1206 730 neu-natm
1222 678 1340 728 ικιιο
1359 679 1645 730 mm.
1708 679 1903 730 cmm
1922 683 1993 730 αι
2008 679 2223 744 poesim
2241 649 2439 731 aeus-'m

1226 856 1448 908 NOTAE

225 993 360 1044 riam
377 1008 396 1056 ς
413 997 512 1042 aut
533 991 620 1042 ubi
635 1000 790 1044 extra
804 994 1038 1046 ordinem
1056 997 1302 1049 suaderet

229 1082 462 1119 occasio.

301 1141 558 1192 Claudius
595 1143 794 1206 primns
836 1143 958 1208 fuit,
981 1147 1072 1212 qui
1109 1148 1300 1211 princi-

233 1223 419 1282 patum
442 1217 686 1282 adeptus,
705 1219 855 1268 militi
872 1221 1168 1272 donativum
1185 1239 1301 1288 pro-

231 1292 379 1343 misit
413 1293 706 1356 quinsdena
727 1297 986 1360 sestertia,
1007 1297 1058 1346 id
1085 1305 1182 1359 est,
1204 1301 1301 1348 cir-

233 1369 371 1417 citer
407 1373 526 1418 180.
565 1369 722 1418 libras
767 1371 1038 1434 stet-lingas
1079 1378 1300 1423 monete

235 1441 574 1506 Aufillenum-3
593 1443 764 1507 (nobis
784 1451 908 1494 sunt
921 1448 1034 1496 875.
1051 1448 1302 1512 coronati,

238 1531 330 1568 sen
358 1522 509 1568 1126.
531 1517 722 1582 libre.)

301 1592 320 1622 ⁴
345 1593 558 1643 Primus
595 1594 856 1644 Cesaram
907 1593 1064 1646 fldem
1123 1589 1302 1647 militis

239 1669 404 1718 etiam
447 1667 665 1730 praemio
709 1670 1047 1734 pigneratus,'
1066 1673 1144 1721 ait
1177 1675 1305 1724 Sue·

243 1751 354 1793 tou.
381 1757 434 1794 c.
461 1747 572 1792 lm:
607 1749 662 1792 et
682 1758 800 1792 cnm
825 1743 970 1794 Nero
991 1743 1128 1796 filins
1150 1749 1308 1812 adop·

243 1818 386 1868 tivus
408 1818 608 1868 virilem
633 1819 876 1869 indueret
897 1827 1091 1886 togam,
1124 1821 1306 1874 itidem

243 1893 419 1945 dedit.

309 1969 489 2020 Etiam
542 1971 688 2020 Nero
761 1972 1084 2037 principatus
1139 1974 1310 2038 initio,

243 2043 260 2069 ⁶
283 2045 522 2108 promisit
565 2045 864 2096 donativum
920 2047 986 2097 ad
1043 2049 1311 2113 exemplar

245 2126 484 2183 paternae
505 2121 832 2184 largitionis?
891 2123 1014 2173 Tac.
1038 2122 1178 2174 Ann.
1203 2133 1310 2176 ιιι.

246 2195 320 2246 Et
340 2201 468 2260 post
487 2196 694 2245 Pisonis
721 2199 1179 2263 conspirationem,
1201 2199 1312 2250 bina

245 2287 488 2322 mmm
507 2273 662 2322 stillio
681 2273 870 2322 viritim
909 2274 1311 2338 manipularibus

246 2347 450 2411 divisit,
466 2347 518 2397 id
537 2355 638 2411 est,
651 2347 864 2399 circiter
881 2349 1138 2400 sexdecim
1155 2350 1312 2402 libras

247 2430 510 2473 »onustes
529 2439 546 2483 3
569 2424 684 2489 (sen
699 2429 777 2473 60.
791 2432 1078 2487 coronatos,
1096 2426 1179 2475 vel
1199 2432 1313 2477 160.

243 2499 414 2549 libras
433 2498 600 2563 Gall.)
614 2506 670 2549 et
679 2500 832 2551 variis
847 2501 1181 2565 temporibus,
1195 2517 1314 2552 cum

249 2576 517 2627 Graeciam
559 2577 822 2639 transiret,
863 2577 1124 2641 imposuit,
1168 2580 1314 2642 qussi

250 2666 352 2716 per
371 2657 456 2703 tot
485 2652 740 2715 repetitas
761 2652 919 2713 vices,
945 2653 1314 2704 necessitatem

129 2722 142 2733 ”
247 2727 392 2777 idem
414 2725 642 2777 faciendi
663 2726 1057 2778 successoribus.

317 2802 669 2867 Nymphidius
693 2803 1032 2865 promittebat
1053 2803 1176 2865 ipsis
1191 2802 1317 2852 Gai-

249 2878 336 2929 boe
359 2877 568 2927 nomine
589 2876 802 2941 triginta
823 2876 983 2925 millia
1004 2876 1316 2940 sestertium,

251 2953 308 3003 id
331 2958 434 3011 est,
471 2953 686 3002 circiter
721 2951 879 3001 librss
916 2951 1166 3001 ducentas
1194 2965 1316 3015 qua·

253 3026 500 3092 draginta
520 3027 785 3095 Anglicas,
814 3026 948 3090 (sive
980 3026 1321 3091 quadraginta

255 3110 550 3167 coronatos,
565 3117 654 3153 seu
669 3107 820 3153 2250.
837 3100 989 3167 libb.)
1011 3101 1184 3153 Galba
1202 3117 1318 3166 pro-

256 3180 401 3231 nissi
422 3178 580 3229 fidem
614 3178 886 3228 eludente:
927 3184 1085 3243 atque
1127 3178 1213 3230 hic
1265 3178 1320 3228 in

255 3256 468 3307 Pisonis
501 3254 802 3319 adoptione,
819 3257 996 3304 nanum
1017 3257 1222 3305 oration·
1236 3260 1323 3305 out

255 3331 543 3382 unt-an
561 3331 778 3381 additum
796 3335 882 3380 out
899 3331 1127 3394 pretium.

323 3408 586 3459 Adrianus
607 3406 771 3471 magis
790 3406 1068 3457 obsecutus
1103 3405 1325 3469 tempori

259 3485 316 3535 in
337 3484 622 3547 adoptione
639 3482 789 3544 Veri,
810 3488 992 3545 quater
1013 3481 1198 3530 millies
1223 3494 1326 3530 ses-

259 3562 499 3624 tertium,
521 3560 671 3627 (sunt
684 3560 832 3611 nobis
852 3564 961 3609 100.
976 3556 1212 3607 coronati
1233 3570 1326 3607 seu

261 3640 382 3687 ⁸0⁰.
403 3635 556 3687 librae
571 3634 618 3701 ς)
649 3638 702 3685 in
743 3634 963 3684 militem
1011 3632 1226 3691 divisit3
1270 3638 1328 3681 et

263 3711 582 3771 Antoninus,
599 3716 737 3760 teste
757 3708 1056 3772 spartiano,
1078 3708 1134 3757 in
1153 3706 1330 3757 matri-

265 3788 438 3837 monio
473 3786 594 3835 {iliae
633 3786 917 3848 Faustinus,
937 3783 1164 3833 excessit
1185 3797 1328 3847 aeque

263 3866 330 3913 ad
345 3863 622 3913 mium
641 3862 867 3911 ntilm.
897 3858 1134 3910 Savilius.

331 3938 417 3988 Rx
448 3950 551 4001 quo
573 3934 821 3986 Claudias
853 3934 1048 3999 primus
1067 3936 1330 3985 Coesarnm

269 4010 427 4063 fldem
447 4010 628 4061 militis
649 4010 812 4061 etiam
844 4010 1058 4073 premio
1101 4008 1334 4073 pignora„

271 4096 356 4138 tus
375 4086 500 4148 fnit,
515 4085 682 4136 ceteri
701 4090 887 4149 postea
901 4086 1162 4150 principes
1176 4083 1336 4133 veluti

265 4162 507 4215 donativi
541 4160 862 4215 necessitate
899 4162 1138 4213 obstricti
1169 4166 1338 4226 eraut,

1380 997 1539 1049 etlam
1558 997 1614 1048 is
1651 1014 1795 1062 paee.-
1826 998 1967 1065 quod
2006 999 2299 1063 prasertim
2339 997 2441 1049 snb

1377 1067 1594 1123 Nerone
1631 1074 1893 1136 obtinnit;
1926 1074 2013 1138 qui
2058 1081 2180 1138 post
2216 1073 2441 1124 occisam

1379 1153 1621 1208 matrem,
1642 1150 1804 1197 multa
1836 1149 2013 1197 amicis
2048 1156 2105 1199 et
2140 1150 2447 1212 potentiori-

1379 1222 1476 1271 bus
1512 1223 1725 1272 donavit
1742 1240 1757 1271 ε
1792 1224 1900 1288 qni,
1922 1231 2041 1286 post
2069 1223 2331 1272 detectam
2352 1223 2445 1272 Pi-

1380 1297 1519 1346 sonis
1552 1298 2005 1361 conspirationem,
2025 1297 2144 1347 bina
2182 1311 2446 1348 nummum

1379 1371 1560 1432 millia,
1580 1375 1719 1434 (sunt
1741 1377 1823 1422 50.
1847 1371 2123 1438 coronati,)
2134 1373 2323 1424 viritim
2340 1388 2445 1424 ma·-

1381 1447 1705 1510 nipularibus
1742 1448 1937 1510 divisit,
1970 1457 2027 1500 et
2060 1451 2112 1499 in
2152 1451 2265 1500 aliis
2286 1450 2446 1501 etiam

1383 1519 1759 1570 occasionibus.

1444 1595 1575 1644 Tum
1606 1601 1781 1644 autem
1800 1602 1977 1647 nostro
2004 1597 2103 1646 hoc
2134 1597 2251 1646 loco
2272 1597 2447 1648 moesti

1381 1670 1595 1734 milites,
1636 1670 1773 1734 qnod
1810 1672 1917 1720 tsle
1940 1671 2269 1735 donativum,
2306 1669 2445 1736 quod

1381 1746 1539 1796 moris
1560 1753 1675 1796 erat
1696 1745 1819 1808 ipsis
1838 1745 2017 1808 tribui,
2032 1747 2197 1797 veluti
2217 1759 2449 1796 necessa·-

1383 1823 1481 1884 rio,
1502 1821 1659 1871 etiam
1674 1823 1729 1870 in
1744 1835 1881 1883 poce,
1901 1820 2039 1871 bello
2056 1821 2243 1871 Galba
2263 1821 2449 1872 adver-

1384 1912 1472 1947 sus
1490 1897 1752 1946 Neronem
1776 1895 2147 1959 perdidissent.

1460 1973 1768 2036 Usus-putam]
1798 1971 2093 2034 Solennem,
2118 1979 2175 2021 et
2210 1971 2452 2037 usurpari

1386 2053 1713 2097 consuetam.
1752 2047 1871 2095 Non
1896 2047 2040 2109 quasi
2063 2047 2237 2096 invitis
2259 2047 2453 2111 princi-

1391 2123 1543 2189 pibus
1580 2121 1913 2186 largitionem
1934 2123 2293 2185 exprimerent
2322 2122 2454 2172 mili-

1391 2206 1492 2262 tes,
1516 2203 1577 2246 ut
1598 2202 1825 2247 vertunt.
1881 2196 2049 2246 Immo
2081 2197 2207 2260 ipsis
2240 2197 2457 2246 volenti·

1391 2273 1511 2336 bus,
1534 2279 1590 2322 et
1608 2273 1750 2322 ultro
1766 2269 2100 2322 offerentibus
2123 2273 2229 2321 tale
2251 2271 2456 2321 donati·

1393 2365 1513 2401 vum
1558 2349 1896 2415 principibus,
1940 2363 2043 2398 non
2088 2355 2262 2427 tflmen
2308 2352 2454 2398 certe

1393 2429 1505 2478 sine
1526 2427 1729 2477 ratione
1753 2434 1843 2475 ant
1856 2424 2171 2474 necessitate
2187 2423 2377 2488 aliqua.

1461 2502 1693 2567 Largitio
1710 2515 2035 2566 quacumque
2052 2514 2119 2549 ex
2137 2514 2294 2550 cansa
2310 2512 2457 2550 usur·

1395 2586 1521 2645 pata
1543 2594 1608 2630 ex
1652 2592 1812 2641 more,
1836 2578 1947 2643 jam
1970 2577 2116 2641 quasi
2138 2574 2318 2625 debita
2338 2589 2457 2627 cen·

1395 2664 1555 2719 setur,
1577 2660 1632 2705 et
1656 2670 1711 2704 se
1735 2654 1981 2715 exsolvit,
2004 2665 2221 2721 seseque
2242 2650 2458 2714 liberat,

1397 2734 1487 2797 qni
1512 2732 1637 2781 talia
1656 2730 1904 2780 dissolvit.

1460 2814 1489 2841 ⁸
1523 2802 1892 2863 Necessitatem]
1946 2801 2222 2852 Necessitas
2259 2798 2363 2849 fuit
2392 2812 2460 2849 ex

1397 2889 1551 2945 parte
1591 2878 1841 2944 principis
1880 2878 1988 2925 tale
2006 2876 2306 2931 donationm5
2340 2875 2462 2939 qnia

1389 2957 1505 3019 jam
1547 2955 1758 3004 solenne
1797 2960 1853 3001 et
1896 2956 2201 3013 usurpatum
2242 2956 2356 2999 erat
2393 2948 2461 2999 ab

1397 3030 1510 3082 aliis
1551 3035 1673 3080 ante
1711 3025 2057 3093 principibus,
2104 3032 2160 3075 et
2202 3026 2360 3075 etiam
2402 3030 2464 3075 ut

1397 3108 1735 3172 adoptionem
1756 3105 1865 3155 sive
1883 3102 2265 3154 successionem
2278 3116 2465 3168 appro-

1399 3183 1553 3233 baret
1570 3181 1733 3231 miles.

1468 3258 1639 3308 Etiam
1674 3256 1809 3320 pacis
1852 3252 2093 3316 interfuit,
2133 3250 2357 3302 delinire
2402 3265 2466 3303 ae

1403 3332 1677 3384 conciliare
1699 3330 1893 3379 milites
1928 3328 2249 3378 liberalitate
2280 3326 2467 3393 aliqua.

1405 3408 1565 3459 Certe
1586 3406 1861 3469 disciplina
1897 3404 2071 3453 stabat
2106 3416 2191 3453 res
2214 3400 2470 3466 Romana,

1404 3493 1464 3536 et
1493 3483 1678 3533 melior
1700 3480 1801 3531 fuit
1823 3478 2025 3545 priscus
2064 3480 2227 3543 rigor,
2258 3478 2351 3529 sed
2384 3478 2471 3528 cni

1395 3558 1507 3624 jem
1528 3572 1630 3608 non
1648 3571 1791 3622 pares
1808 3560 1958 3605 erant
1980 3556 2202 3604 Romani
2222 3561 2341 3618 post
2361 3554 2472 3604 Ne-

1405 3648 1605 3697 ronem,
1637 3639 1692 3683 et
1728 3633 1830 3681 alia
1861 3630 2082 3695 ignavia
2107 3644 2168 3680 ac
2192 3630 2470 3695 prodigen-

1407 3712 1501 3760 τίω
1531 3708 1786 3772 prodigis.

1474 3784 1777 3835 Cedendum
1817 3782 2039 3847 tempori
2078 3780 2199 3844 fnit,
2230 3794 2327 3830 nec
2366 3782 2473 3829 ata·

1409 3862 1505 3912 tim
1520 3860 1669 3912 flecti
1689 3859 1863 3924 potuit
1878 3860 1943 3907 ad
1964 3858 2172 3908 meliora
2192 3855 2338 3905 miles
2360 3855 2474 3902 lux-

1407 3937 1650 3999 uriosus3
1682 3934 1772 4000 qai
1807 3948 1875 3984 ex
1904 3932 2262 3983 illiberalitate
2285 3928 2474 3980 Galba

1411 4012 1598 4075 pejora
1636 4009 1921 4075 metuebat,
1939 4022 2125 4071 nempe
2164 4004 2475 4055 severiorem

1413 4087 1670 4148 militiam,
1709 4091 1768 4136 et
1808 4100 1877 4137 ne
1909 4082 1977 4134 ad
2014 4080 2295 4149 longinqua
2337 4078 2477 4131 bella

1414 4164 1762 4214 traherentur.
