2893 4742
371 302 550 377 2364
1067 321 1133 373 c.
1188 322 1555 373 consumi
1604 278 1864 375 ‘raeiri
2261 326 2585 413 [Qu-⁸²²·

457 466 566 531 56.
631 467 982 550 Spectator
1029 464 1285 549 flagitii¹
1340 467 1767 533 Hordeonius
1819 467 2132 547 Flaccus»,
2189 468 2583 535 Consularis

317 652 320 658 Ι
373 559 668 650 Legatus
719 568 965 645 aderat,
1012 588 1138 632 non
1179 588 1599 651 compescere
1642 575 1932 647 ruenteS,
1962 590 2091 634 uon
2138 573 2409 636 retinere
2460 572 2585 635 du-

373 668 549 746 bios,
580 687 712 731 non
755 669 1082 733 cohortari
1136 670 1350 733 bonos
1400 687 1655 733 ausus:
1722 669 1841 733 sed
1889 672 2131 753 segniS‚
2157 673 2472 754 pavidus,
2520 676 2591 737 et

374 770 708 833 socordia¹
757 771 1177 834 innocenS.²¹¹¹
1264 767 1579 847 Quatuor
1620 769 2081 835 Centuriones¹²
2122 770 2590 835 duodevicesi-

391 936 400 945 ’
440 948 644 999 Astabat
664 951 803 998 testis
820 951 1009 999 sceleris
1026 951 1319 1000 Hordeonius
1331 950 1531 999 Flaccus
1550 950 1734 1012 legatus
1752 950 2130 1011 consulor-inmoti
2144 952 2445 1014 comprimere
2464 966 2593 1015 proe·

375 1012 563 1074 cipite-3,
581 1030 674 1063 non
697 1014 900 1078 firmare
915 1020 1202 1071 cunctantes,
1231 1030 1322 1063 non
1345 1014 1547 1063 incitare
1565 1016 1795 1062 utodestos
1815 1016 2052 1072 tartara,-
2094 1016 2175 1063 sed
2195 1015 2341 1076 iners,
2357 1019 2595 1078 trepndus,

376 1081 425 1125 et
443 1078 641 1139 ignom
657 1093 827 1128 socors.
897 1081 1114 1136 Quatuor
1148 1079 1459 1128 Centuriones
1486 1078 1867 1127 duodevicesima
1886 1079 2103 1143 legionis,
2128 1080 2315 1129 Nonius
2339 1081 2597 1144 Receptus,

1306 1218 1391 1238 000
1399 1216 1663 1238 “OM“

447 1322 474 1366 1
511 1317 738 1369 Socordio
757 1320 887 1369 Mss.
907 1320 1044 1369 Flor.
1065 1326 1120 1369 et
1140 1318 1352 1383 Ryckii,
1376 1327 1434 1370 ut
1454 1318 1565 1369 fere
1590 1324 1916 1383 semper.—-2
1949 1317 2037 1370 Ita
2062 1320 2180 1380 libri
2202 1334 2394 1371 omnes.
2464 1320 2601 1369 Mal-

380 1382 454 1430 let
477 1382 966 1445 Boxhornins,inter
985 1389 1231 1433 uocantes.-
1278 1383 1592 1446 Gronovius,
1627 1400 1813 1434 nocens.
1894 1383 1970 1433 At
2004 1383 2111 1433 dici
2149 1386 2596 1448 potuit,innocens.

379 1446 684 1510 Principum
706 1449 843 1498 enim
866 1456 948 1497 est
967 1448 1126 1499 duces
1149 1450 1345 1513 eligere
1380 1463 1483 1498 non
1520 1449 1783 1499 socordes.
1868 1448 1922 1497 Si
1943 1449 2186 1499 socordes
2209 1449 2483 1513 elegerint,
2518 1462 2599 1498 so-

1379 1613 1601 1663 NOTAE

382 1722 660 1772 obliterata
704 1724 818 1787 jam
873 1726 1078 1774 nomina
1123 1726 1451 1789 juraverant,
1530 1724 1768 1774 socordia
1803 1725 2025 1774 inuocem
2058 1724 2298 1784 Flaccus,
2348 1722 2470 1787 qnia
2502 1736 2601 1772 nec

386 1798 510 1863 quia
541 1813 693 1848 nemo
716 1814 848 1849 unus
883 1810 1016 1865 erat,
1050 1803 1136 1851 cni
1171 1804 1276 1852 tale
1299 1802 1451 1852 meri-

387 1882 498 1923 tum
521 1872 831 1937 tribuerent,
851 1890 944 1925 sen
968 1891 1121 1942 quem
1159 1878 1252 1927 tali
1291 1892 1453 1941 opera

386 1949 808 2013 demererentur-3
845 1953 1070 2002 nondum
1095 1951 1161 2002 ad
1183 1952 1453 2002 Vitellium

384 2026 749 2077 advertebant.
817 2030 886 2079 Et
907 2028 1042 2079 forte
1067 2037 1177 2079 tum
1217 2029 1282 2079 ad
1323 2044 1455 2092 prae-

387 2102 613 2153 torianos
633 2106 822 2155 misere
840 2106 1154 2169 legationem
1176 2120 1292 2155 cum
1315 2120 1457 2155 man-

387 2181 546 2245 datis,
594 2189 657 2232 ut
706 2183 809 2246 ipsi
845 2184 1103 2247 eligerent
1145 2185 1457 2249 principem,

385 2258 590 2308 cunctis
614 2259 901 2321 legionibus
925 2266 1146 2322 gratum.

453 2333 615 2384 Haud
653 2332 810 2384 dubie
847 2334 892 2383 is
929 2334 1134 2385 babitus
1173 2334 1458 2384 animorum

387 2409 506 2472 fuit,
525 2417 585 2459 ut
607 2423 982 2474 quemcumque
1019 2411 1174 2459 alium
1213 2424 1246 2458 a
1283 2409 1457 2458 Galba

390 2485 734 2548 probassent:
788 2485 926 2547 quod
967 2485 1090 2532 satis
1127 2484 1458 2534 manifestum

388 2562 441 2608 in
479 2560 736 2609 electione
759 2558 975 2622 Vitellii,
1013 2559 1100 2624 qui
1137 2566 1299 2610 tsntae
1337 2560 1461 2609 moli

387 2635 576 2699 impar,
597 2633 638 2683 si
663 2633 778 2698 quis
803 2633 950 2696 alius,
987 2642 1042 2684 et
1074 2649 1225 2698 quem
1249 2649 1348 2683 non
1371 2651 1467 2690 no·,

393 2718 575 2758 verant
628 2709 717 2773 qui
757 2708 928 2772 ipsum
983 2710 1271 2774 elegerunt,
1319 2715 1459 2760 teste

389 2783 587 2834 Tacito.
1269 2779 1272 2782 ’

457 2857 601 2909 Suet.
628 2858 787 2907 vitei.
807 2861 856 2907 7,
887 2857 903 2886 ⁸
927 2857 1306 2908 Advenientem
1327 2859 1465 2908 male

393 2935 652 2984 animatus
688 2949 815 2995 erga
851 2935 1136 2998 principem
1177 2935 1463 2996 exercitus,

395 3025 692 3074 pronusque
734 3010 799 3059 ad
844 3025 926 3059 res
967 3025 1147 3073 novas,
1199 3011 1364 3060 libens
1402 3025 1467 3060 ac

397 3085 597 3150 supinis
619 3087 854 3134 titanibus
890 3087 1120 3150 excepit,
1151 3088 1295 3137 velut
1330 3087 1467 3135 dono

397 3163 572 3211 Deum
611 3161 842 3210 oblatum
897 3168 980 3210 ter
1023 3163 1251 3211 consulis
1283 3160 1467 3224 filium,

399 3242 560 3285 aetate
584 3237 804 3300 integra,
827 3234 971 3287 facili
1007 3252 1068 3287 ac
1105 3239 1323 3303 prodigo
1359 3240 1469 3286 ani-

399 3309 518 3359 mo!

467 3385 480 3418 ¹
511 3384 763 3450 Spectator
771 3387 989 3452 flag-itii]
1056 3387 1302 3439 Attamen
1326 3389 1472 3438 rolic-

401 3467 488 3510 tus
510 3471 621 3510 erat
665 3477 694 3510 a
731 3463 942 3511 Vitellio
966 3463 1231 3528 utriusque
1256 3463 1473 3513 Germa-

405 3538 504 3587 uioe
531 3546 724 3598 rector,
765 3537 903 3586 Hist.
934 3551 997 3587 ιι.
1042 3546 1225 3600 postea
1264 3547 1475 3588 secutus

403 3613 715 3676 Vespasiani
757 3621 948 3676 partes,
967 3622 1020 3662 et
1059 3613 1270 3662 tandem
1304 3629 1334 3662 a
1369 3615 1474 3667 suis

405 3691 658 3742 militibus
681 3705 862 3738 caesus.
929 3690 1153 3740 Saciliu.

471 3774 508 3800 1-
543 3767 768 3814 Socordio
789 3765 1027 3828 innocens]
1097 3767 1350 3817 Innocens
1389 3769 1474 3816 hic

409 3843 600 3894 dicitur
630 3845 863 3900 Flaccus,
889 3844 1317 3905 quemadmodum
1340 3843 1473 3892 Ann.

409 3933 534 3972 xlv.
559 3917 804 3970 tribuitur
827 3920 984 3968 etiam
1021 3919 1182 3980 seg-ais
1208 3920 1479 3970 innocentia

411 3995 572 4045 Feni'o
614 3993 772 4055 Rufo,
812 3995 879 4042 ob
919 3995 1196 4054 siirntium,
1234 4008 1477 4057 pavorem

411 4075 472 4120 et
492 4069 730 4120 inertiam
751 4070 992 4120 hominis.

478 4146 925 4206 Quemadmodum
945 4145 1032 4198 nic
1054 4146 1182 4198 item
1205 4159 1402 4212 pavore
1423 4153 1482 4200 et

1532 1801 1777 1865 probavit
1798 1798 2075 1865 flagitium,
2110 1814 2279 1865 neque
2319 1800 2604 1863 prohibuit.

1534 1876 1761 1926 Innocens
1779 1876 1883 1939 bic,
1902 1876 1957 1925 id
1980 1884 2078 1939 est,
2102 1876 2291 1939 segnis,
2311 1874 2469 1938 iners,
2498 1887 2603 1923 non

1535 1959 1765 2015 promtus
1801 1958 1895 2001 aut
1927 1957 2181 2014 strenuus,
2203 1959 2258 2001 et
2278 1949 2415 2001 forte
2439 1950 2604 2013 magis

1534 2032 1675 2077 extro
1697 2028 1837 2090 vitia,
1857 2042 1997 2091 quom
2018 2042 2125 2077 cum
2144 2026 2420 2076 virtutibus.

1601 2104 1828 2153 Socordio
1866 2102 2107 2165 innocens]
2174 2104 2291 2153 Hoc
2325 2104 2443 2153 loco
2474 2103 2610 2151 inno-

1535 2194 1661 2241 cens,
1682 2180 1735 2229 id
1760 2186 1860 2241 est,
1894 2180 2118 2242 ineptus,
2138 2175 2399 2241 inhabilis,
2420 2179 2610 2227 nullius

1536 2254 1667 2303 artis
1690 2260 1782 2302 aut
1804 2252 2095 2314 industriae,
2112 2252 2199 2316 qui
2216 2266 2383 2316 neque
2406 2266 2463 2301 se
2486 2253 2613 2301 ami-

1535 2329 1611 2380 cis
1638 2333 1729 2378 aut
1750 2328 1967 2378 inimicis
1991 2328 2265 2392 approbat.
2356 2326 2461 2376 Hic
2487 2341 2609 2376 vere

1537 2419 1728 2469 socors,
1764 2412 1820 2454 et
1859 2405 2121 2466 innocens,
2148 2405 2235 2470 qni
2271 2406 2321 2453 in
2355 2412 2504 2454 tanto
2529 2412 2609 2453 tu-

1536 2483 1702 2531 multu
1742 2481 1867 2532 nibil
1906 2489 2146 2544 conetur,
2178 2481 2306 2530 nihil
2341 2481 2609 2541 moliatur,

1538 2557 1664 2607 nibil
1687 2555 1895 2607 audeat.

1608 2631 1833 2681 Socordio
1856 2631 2096 2695 innocens]
2129 2631 2397 2682 Plutarch.
2422 2631 2613 2694 Galba,

1542 2721 1661 2756 eum
1684 2711 1855 2770 vocat,
1885 2707 1981 2756 τῶν
1999 2705 2290 2770 πραγμάτων
2310 2706 2515 2770 ἄπειρον,
2541 2721 2615 2755 re·
2682 2711 2690 2716 ”

1542 2797 1651 2831 rum
1687 2783 1905 2833 inscium
1996 2785 2233 2848 Egregiis
2276 2791 2451 2834 tamen
2490 2783 2615 2832 viris

1545 2859 1854 2923 quandoque
1889 2858 2047 2907 etiam
2087 2860 2328 2923 contigit,
2360 2865 2421 2908 nt
2466 2859 2618 2907 miles

1546 2933 1686 2998 ipsos
1710 2942 2111 2997 aspernaretur:
2161 2936 2236 2984 sic
2262 2935 2509 2985 Lucullus
2542 2933 2617 2984 fe·

1545 3008 1618 3057 lix
1644 3009 1841 3072 praeliis
1876 3016 1933 3058 et
1963 3009 2232 3070 victoriis;
2284 3017 2516 3060 attamen
2540 3023 2619 3060 se·

1548 3083 1750 3133 ditione
1772 3083 1993 3132 militum
2017 3084 2312 3148 exagitatus
2334 3089 2432 3134 est.

1613 3158 1787 3208 Livius
1834 3165 1893 3208 et
1943 3161 2237 3224 exemplum
2292 3157 2444 3210 affert
2483 3160 2621 3224 paris

1550 3235 2003 3299 consternationis,
2037 3237 2072 3286 1.
2114 3251 2176 3286 ιι.
2212 3236 2299 3285 nbi
2338 3236 2403 3286 de
2438 3236 2622 3297 milite,

1552 3312 1638 3377 qui
1660 3312 1856 3376 injussu
1878 3312 2027 3361 ducis
2062 3315 2115 3362 in
2148 3323 2317 3363 castra
2360 3313 2538 3375 rediit,
2566 3320 2624 3363 et

1552 3394 1759 3437 certare
1792 3389 1996 3449 noluit;
2042 3389 2057 3414 ‘
2086 3390 2289 3453 lnjnssu
2315 3390 2463 3452 signa
2486 3386 2622 3437 refe-

1554 3473 1676 3514 runt
1696 3465 1987 3528 moestique,
2010 3468 2275 3528 (crederes
2298 3462 2508 3530 victos,)
2538 3479 2625 3514 ex-

1552 3549 1815 3601 ecrantes,
1852 3553 1990 3588 nunc
2045 3539 2447 3603 Imperatorem,
2485 3554 2623 3601 nunc

1553 3623 1795 3663 navatam
1833 3613 1901 3661 ab
1934 3615 2111 3678 equite
2135 3630 2366 3678 operam,
2403 3615 2626 3669 redeunt

1554 3689 1605 3738 in
1650 3697 1861 3738 castra:
1912 3705 2005 3738 nec
2043 3691 2158 3740 hnic
2206 3700 2311 3740 tam
2359 3691 2626 3754 pestilenti

1556 3768 1793 3830 exemplo
1818 3766 2048 3816 remedia
2073 3770 2178 3816 ulla
2207 3769 2273 3816 ab
2300 3768 2625 3831 Imperatore

1557 3844 1779 3907 quaesita
1808 3851 1945 3906 sunt,
1966 3845 2098 3892 adeo
2132 3847 2515 3894 excellentibus
2552 3844 2626 3892 in-

1559 3919 1725 3983 geniis
1746 3921 1901 3968 eitius
1927 3919 2153 3968 defuerit
2185 3936 2287 3978 ars,
2324 3937 2425 3986 qua
2459 3920 2626 3970 civem

1560 4004 1763 4058 regant,
1788 4011 1939 4060 quani
1964 4011 2064 4060 qun
2084 3997 2259 4046 hostes
2282 3996 2564 4060 superent.’

1624 4079 1649 4104 ¹¹
1686 4072 1905 4127 Quotoor
1927 4072 2259 4135 Centuriones]
2314 4072 2418 4124 Qui
2443 4077 2629 4135 postea

1560 4146 1726 4197 occisi
1752 4145 1905 4212 jussu
1929 4145 2123 4198 Vitellii
2162 4148 2229 4198 ob
2254 4146 2383 4214 ,fidei
2414 4147 2629 4214 crimen,
