2893 4742
426 265 602 334 2518

1072 281 1138 327 0.
1180 277 1375 327 CORN
1387 277 1542 326 nnn
1589 276 1848 325 ‘rAcrrl

2303 277 2407 342 [A.
2429 277 2508 328 n.
2531 279 2635 329 εει.

428 425 712 492 adversa
756 421 1023 488 melior.i
1108 421 1319 504 Igitur
1346 421 1712 495 Titianum,
1758 419 2047 494 fratrem,
2093 416 2423 482 accitumj
2467 419 2644 482 bello

426 528 815 612 praeposuit.
896 521 1184 589 Interea*
1209 523 1478 588 Paulini
1515 527 1584 586 et
1613 519 1792 584 Celsi
1807 528 1857 556 ¹⁰
1885 519 2092 582 ductu
2141 539 2250 583 res
2295 521 2642 601 egregiaeu

430 633 663 709 gestae.

426 809 729 858 constantior.
794 807 1177 870 Igitur-fiunem
1198 807 1441 857 Titinium
1465 804 1742 854 &emitum
1779 802 1898 852 bello
1913 801 2149 867 prefecit.
2215 799 2416 850 Interea
2439 800 2646 849 Paulini

427 877 477 922 et
501 874 630 923 cela·
650 873 855 922 consiliis
874 888 951 922 res
970 871 1319 932 exiruiaesactoe
1345 874 1484 919 sunt.

1348 1009 1554 1031 “000“
1561 1009 1644 1029 ‘O‘
1651 1010 1704 1028 ‘O

429 1120 785 1170 Brotier.-lo
818 1121 955 1170 Flor.
992 1120 1177 1170 consilii
1212 1134 1307 1184 pro
1334 1118 1480 1168 Celsi.
1506 1117 1696 1181 Ryckii
1729 1115 1860 1168 Cod.
1885 1115 2096 1166 consiliis
2129 1121 2176 1166 et
2203 1115 2470 1166 ἄπει-11
2513 1115 2652 1164 Mn.

430 1185 580 1236 Harl.
604 1185 756 1235 Bodl.
774 1187 981 1247 egregie.

1426 1323 1638 1376 Nom-2

426 1474 773 1528 temperarem
806 1468 888 1516 vel
929 1467 1017 1531 qui
1052 1465 1243 1515 nemini
1281 1463 1406 1513 satis
1426 1461 1486 1510 fi-

426 1541 597 1602 deret,
630 1541 781 1590 modo
814 1542 868 1589 in
904 1542 1040 1590 hunc
1072 1541 1225 1589 modo
1256 1540 1307 1588 in
1330 1539 1486 1588 alium

424 1630 619 1680 pronus
642 1631 825 1681 parum
846 1617 1046 1667 consilii
1068 1615 1260 1665 firmus.

489 1691 503 1725 Ι
534 1693 669 1741 Inter
688 1695 883 1742 adversa
902 1690 1089 1754 melior]
1142 1694 1215 1741 Ut
1249 1691 1339 1755 qui
1380 1697 1486 1740 tum

422 1768 609 1816 saltem
624 1768 863 1818 libidines
879 1775 933 1818 et
955 1765 1153 1831 flagitia
1174 1767 1487 1828 contineret,

424 1848 518 1891 aut
560 1849 706 1892 certe
746 1842 1127 1904 dissimularet3
1174 1844 1257 1891 vel
1300 1842 1389 1906 qui
1430 1842 1484 1890 in

423 1919 689 1981 prosperis
714 1933 893 1982 parum
915 1919 1091 1968 firmus
1115 1925 1203 1967 aut
1228 1923 1486 1978 constans,

421 1995 563 2043 inter
586 1995 803 2044 adverse
834 1995 1032 2044 firmior
1066 2003 1121 2044 et
1160 1995 1484 2044 constantior

419 2070 717 2134 videbatur,
742 2071 878 2136 quod
906 2087 1023 2120 mox
1063 2072 1176 2134 ejus
1208 2077 1375 2119 morte
1409 2069 1483 2116 in-

420 2148 609 2209 notuit,
627 2146 691 2195 ad
710 2163 863 2210 quam
886 2147 1023 2196 forte
1040 2146 1303 2209 praecipue
1322 2143 1481 2208 respi-

421 2221 496 2269 cit
518 2221 603 2268 hic
626 2222 855 2271 Tacitus.

480 2294 498 2338 ὃ
535 2296 793 2358 Titianum,
816 2298 1049 2358 fratrem,
1068 2295 1292 2358 accitum]
1326 2294 1479 2345 Hanc

418 2369 781 2434 praefectorum
800 2374 1133 2422 mutationem
1148 2371 1482 2434 Plutarchus,

416 2447 581 2510 magis
604 2461 667 2494 cx
690 2462 833 2509 vero,
856 2455 975 2511 post
1008 2449 1240 2511 praelium
1264 2450 1325 2497 ad
1363 2451 1480 2497 Cae-

416 2523 538 2571 toris
578 2529 831 2585 recenset,
864 2524 880 2551 ‘
898 2536 1017 2573 cum
1052 2522 1283 2572 victorie'
1318 2523 1481 2586 (illam

416 2600 479 2647 aa
504 2600 715 2647 catores
744 2598 1013 2662 intelligit)
1033 2599 1047 2627 ⁴
1067 2585 1168 2648 nim
1207 2599 1330 2647 satis
1368 2606 1481 2647 ute·

416 2683 563 2725 retur
586 2674 773 2725 ducum
811 2676 1033 2740 ignavia,
1064 2676 1204 2725 Otho
1220 2675 1479 2725 'I'itinnum

414 2752 581 2803 mittit
623 2752 687 2801 ad
733 2754 1043 2817 exercitum,
1099 2758 1155 2802 et
1196 2752 1479 2801 Proculum

414 2829 734 2892 praetoriano
756 2830 905 2879 militi
929 2828 1269 2893 praefectum!

480 2906 553 2954 Et
583 2920 708 2953 sane
742 2920 844 2954 non
880 2907 955 2955 ita
988 2906 1113 2954 levis
1142 2906 1359 2955 iniitatio
1382 2914 1479 2969 est,

414 2988 475 3029 ut
497 2996 703 3031 causam
727 2981 935 3031 dederit
970 2982 1161 3031 inertia
1192 2980 1355 3030 infimi
1392 2981 1480 3029 ho·

412 3056 580 3117 minis,
596 3057 885 3119 praesertim
904 3072 1019 3107 cum
1032 3057 1205 3106 videas
1224 3057 1479 3119 Macrum,

412 3132 580 3193 culpae
602 3138 887 3193 auctorem,
918 3133 1037 3181 loco
1062 3148 1153 3181 suo
1177 3146 1279 3181 non
1305 3133 1478 3196 dejec-

412 3213 561 3266 tum3
605 3213 661 3256 et
700 3208 971 3258 Paulinum
1018 3223 1080 3257 ae
1121 3210 1349 3272 Celsum,
1389 3208 1478 3271 qui
1562 3242 1576 3257 .

412 3286 632 3345 uterque
666 3281 860 3345 grande
896 3290 1210 3333 momentum
1235 3283 1388 3347 Reip.
1410 3298 1478 3332 ex

411 3356 582 3405 alieno
624 3359 836 3408 crimine
880 3358 1257 3423 quodammodo
1312 3360 1480 3422 grstia

409 3432 674 3496 mulctari,
694 3435 735 3483 si
757 3436 999 3486 Tacitum
1022 3438 1303 3501 sequimur.

474 3508 598 3560 Jam
620 3525 744 3560 vero
784 3519 905 3575 post
949 3526 1198 3573 errorem,
1235 3526 1479 3575 quocum-

408 3598 511 3649 que
535 3586 743 3635 tandem
782 3588 934 3636 modo
974 3588 1324 3650 commissum,
1354 3588 1478 3638 alle-

409 3668 561 3723 gatos
596 3660 833 3711 Brixello
873 3663 1110 3723 Romam,
1150 3664 1308 3713 tantis
1340 3665 1480 3713 loco-

409 3748 525 3785 rum
546 3737 731 3800 spatiis
752 3736 988 3800 divisam,
1010 3738 1371 3801 qui'l'itianum
1396 3755 1479 3790 nc-

407 3818 697 3876 cerserent,
738 3812 811 3861 ibi
859 3820 967 3862 tum
1006 3819 1269 3876 agentem,
1308 3822 1367 3863 ut
1408 3830 1476 3863 ex

405 3887 580 3937 verbis
601 3888 698 3939 snb
720 3886 876 3938 finem
910 3888 1033 3937 libri
1070 3887 1224 3951 primi
1247 3896 1476 3953 constat,

409 3968 467 4012 et
483 3963 537 4012 in
561 3962 895 4015 Bedriacensi
916 3965 1295 4015 consultatione
1328 3966 1473 4015 siste-

409 4043 550 4102 rent,
582 4040 765 4093 mirum
798 4041 935 4093 forte
975 4042 1078 4093 illis
1101 4041 1359 4107 videntur,
1384 4044 1473 4109 qui

412 4114 477 4163 sd
499 4114 725 4167 animum
747 4118 1041 4170 revocerint
1062 4118 1309 4183 medium,
1332 4119 1472 4185 quod

1566 1459 1703 1510 inter
1723 1460 1945 1510 Othonis
1967 1473 2035 1508 ex
2067 1461 2231 1510 Roma
2251 1467 2372 1509 cum
2397 1459 2648 1508 exercitu

1567 1550 1829 1600 egressum
1869 1536 2084 1600 ejusque
2141 1541 2362 1585 mortem
2412 1533 2650 1594 effluxit,

1569 1619 1774 1674 tempus
1797 1626 1899 1660 non
1921 1610 2178 1660 excedere
2203 1609 2387 1674 viginti
2415 1615 2650 1674 quatuor

1567 1689 1697 1750 dics,
1719 1697 1774 1738 et
1803 1687 2020 1739 fortasse
2043 1689 2310 1752 pauciores
2333 1688 2650 1750 complecti.

1569 1764 1796 1814 Sacilius.

1629 1838 1653 1872 ¹¹
1693 1841 1902 1906 [mereo]
1945 1841 2028 1891 Ab
2063 1841 2163 1890 hoc
2195 1839 2355 1888 verbo
2397 1839 2646 1902 incipere

1565 1924 1726 1980 caput
1743 1917 1942 1967 debuit.
2011 1919 2081 1966 Et
2101 1917 2178 1966 sic
2195 1917 2430 1964 cohaeret
2453 1929 2644 1964 sensns

1563 2008 1624 2041 ac
1649 1994 1880 2042 narratio
1902 1994 2101 2043 Taciti:
2136 1994 2151 2020 ‘
2177 1991 2392 2040 Interes
2425 1992 2646 2039 Paulini

1564 2075 1621 2118 et
1653 2071 1794 2119 Celsi
1833 2071 1996 2119 ductu
2039 2084 2122 2119 res
2167 2068 2392 2131 egregiae
2439 2067 2647 2128 gestu-⁹

1563 2145 1676 2195 Has
1701 2155 1874 2196 autem
1913 2161 1996 2196 res
2019 2145 2230 2209 egregie
2255 2150 2432 2206 gestas
2457 2143 2646 2191 statim

1561 2223 1843 2272 describit:
1878 2225 1892 2250 ‘
1914 2222 2196 2286 Angebant
2237 2219 2508 2270 Caecinam
2549 2233 2644 2266 ne·

1561 2299 1832 2363 quicquam
1846 2300 2017 2347 omnin
2035 2296 2245 2359 coeptn‚'
2262 2299 2364 2344 διο.
2399 2295 2472 2342 Et
2489 2295 2506 2320 ‘
2519 2308 2642 2356 pro-

1562 2376 1848 2437 pinquante
1892 2374 2056 2423 Fabio
2090 2375 2333 2434 Valente,
2375 2384 2442 2419 ne
2483 2384 2640 2420 omne

1559 2449 1684 2499 belli
1705 2450 1861 2499 decus
1885 2450 2006 2498 illuc
2028 2445 2378 2499 concederet?
2402 2480 2417 2496 .
2441 2480 2455 2495 .
2481 2482 2496 2493 .
2523 2446 2638 2494 Ita-

1561 2540 1663 2589 que
1683 2525 1698 2551 ‘
1723 2524 2066 2576 ferocissimos
2090 2524 2428 2585 auxiliarium,
2467 2523 2642 2571 immi-

1561 2600 1805 2650 nentibus
1829 2602 1926 2650 viae
1965 2602 2096 2650 lucis
2131 2602 2383 2661 occultos,
2421 2613 2640 2663 compo-

1562 2676 1675 2738 nit,’
1696 2680 1796 2726 &m

1625 2754 1695 2803 Et
1719 2754 1879 2803 duces
1904 2754 2126 2804 Othonis
2153 2754 2398 2804 Paulinus
2419 2764 2483 2801 nc
2511 2750 2636 2801 Cel·

1560 2844 1644 2878 sus
1687 2830 2076 2894 prudentissimi
2113 2830 2256 2879 belli.
2323 2827 2554 2877 Insidias
2579 2829 2636 2876 iu

1560 2906 1821 2957 Caecinnm
1843 2915 2070 2969 vertere,
2105 2910 2204 2957 &c.
2268 2906 2284 2932 ‘
2302 2904 2636 2955 othonianus

1558 2982 1717 3044 pedes
1741 2983 1934 3046 erupit,
1971 2982 2200 3045 protrita
2229 2980 2450 3030 hostium
2498 2980 2636 3035 acie,

1559 3058 1698 3107 versi
1729 3058 1781 3107 in
1819 3058 1998 3121 fugem
2032 3060 2188 3107 etiem
2229 3057 2314 3121 qui
2351 3055 2636 3105 subvenie-

1561 3131 1721 3183 bant!
1747 3168 1760 3183 .
1777 3170 1789 3184 .
1810 3170 1823 3183 .
1865 3134 1934 3183 Et
1953 3134 1970 3161 ‘
1985 3146 2047 3183 ea
2069 3131 2286 3183 formido
2311 3132 2504 3195 ubique
2529 3130 2634 3181 fnit

1729 3216 1788 3259 ut
1824 3209 1990 3259 deleri
2027 3224 2146 3258 curn
2196 3208 2436 3258 universo
2477 3222 2629 3257 exer-

1558 3284 1666 3333 citu
1690 3284 1915 3335 Caecine'
1939 3284 2186 3348 potnerit.

1625 3360 1708 3409 En
1727 3359 1937 3423 egregie
1957 3374 2040 3408 res
2061 3364 2225 3423 gestoe
2245 3357 2518 3421 utriusque
2539 3357 2632 3405 du·

1561 3434 1659 3496 cis,
1697 3450 1823 3499 quas
1863 3435 2162 3484 exscribere
2183 3432 2369 3497 incipit
2391 3432 2630 3495 TacituS,

1553 3512 1664 3574 jani
1687 3512 1751 3562 ab
1776 3513 1866 3562 illa
1881 3526 2009 3563 voce
2031 3513 2228 3561 intereo.

1625 3588 1836 3652 Ιηὲονεα]
1870 3588 2071 3651 Interp.
2096 3588 2253 3651 Hisp.
2277 3586 2440 3650 cepit,
2477 3586 2633 3649 quasi

1561 3678 1625 3713 ea
1644 3661 1941 3714 referantur
1963 3662 2029 3713 ad
2063 3662 2357 3727 superiora:
2393 3667 2449 3709 et
2482 3661 2631 3724 quasi

1559 3740 1758 3790 diceret
1787 3740 2023 3802 Tacitus,
2063 3738 2334 3787 Hactenus
2371 3736 2629 3785 Paulinus

1558 3822 1614 3865 et
1653 3814 1836 3864 Celsus
1900 3828 1982 3863 res
2037 3814 2273 3877 egregins
2331 3820 2628 3875 gesserent.

1556 3893 1660 3942 Sed
1707 3892 1880 3956 potius
1939 3890 2038 3939 hoc
2083 3888 2404 3937 referendum
2450 3885 2516 3934 ad
2561 3900 2630 3935 ea

1556 3983 1674 4033 quae
1720 3972 2025 4032 sequuntur,
2069 3980 2204 4029 quae,
2253 3962 2364 4012 scil.
2409 3962 2634 4024 egregie

1553 4052 1720 4109 gesta,
1737 4042 2092 4107 descripturus
2111 4046 2194 4090 est
2204 4040 2381 4089 stetim
2391 4035 2628 4087 Tacitus.
