2893 4742
536 341 741 410 2182-
1186 345 1190 351 “
1267 359 1464 410 nous
1506 357 1843 413 nnaoms

535 506 687 572 sitis
725 509 878 570 ante
925 523 998 569 se
1044 503 1501 572 damnatorum
1552 509 2055 593 occisorumque
2100 530 2143 575 a
2185 509 2453 578 Nerone
2504 531 2715 597 quam-

535 606 838 693 plurimis
863 606 1281 689 imaginibus,
1321 613 1388 672 et
1429 612 1689 672 astante
1728 611 1937 674 nobili
1966 629 2198 694 puer-0,
2243 632 2437 696 quem
2468 615 2716 684 exulan-

533 715 666 773 tem
727 729 818 774 ex
863 709 1192 792 proxima·
1219 709 1436 773 insula
1484 709 1749 774 Baleari
1821 712 1907 775 ob
1969 712 2041 774 id
2100 714 2324 796 ipsum
2383 716 2715 794 acciverat,

535 810 972 876 circumfusos
1006 813 1250 876 milites
1297 812 1398 875 sic
1439 812 1770 876 allocutus
1820 815 1960 878 est:
2008 815 2030 846 ‘
2062 812 2427 892 AdsumuS,
2460 819 2713 896 commi-

529 911 796 992 litones,
839 914 1052 978 servis
1077 913 1442 976 libertatem
1493 913 1870 996 praestituri,
1920 920 1995 979 ut
2022 919 2087 978 et
2114 917 2228 979 alii
2274 933 2393 998 per
2426 935 2554 980 nos
2594 921 2715 982 tam

529 1015 777 1097 ingenti
801 1015 1083 1079 bneficio
1109 1013 1462 1096 gaudeant,
1493 1013 1672 1097 quod
1698 1015 1893 1078 nobis
1920 1016 2241 1080 hactenus
2270 1017 2384 1079 vix
2411 1017 2715 1099 integrum

529 1115 680 1193 fuit,
703 1117 946 1200 quibus
975 1119 1194 1180 tamen
1219 1119 1453 1180 natura
1477 1122 1545 1179 et
1568 1115 1833 1179 fortuna
1858 1117 2024 1180 illud
2054 1116 2352 1181 indulsit.
2410 1116 2519 1180 Ex
2549 1120 2713 1201 prib-

529 1219 624 1282 ris
651 1219 811 1282 vitae
851 1220 1150 1283 instituto
1176 1217 1378 1282 facile
1410 1223 1689 1294 constat,
1720 1238 1827 1281 me
1854 1217 2037 1280 nulla
2066 1219 2421 1281 ambitione
2450 1220 2612 1282 trahi
2636 1219 2716 1284 ad

527 1339 686 1403 spes
728 1339 960 1398 novas,
983 1319 1282 1402 adeoque
1309 1324 1584 1384 testatur
1610 1320 1772 1383 mihi
1819 1319 2107 1396 animus,
2137 1337 2255 1382 nee
2286 1339 2401 1401 per
2430 1322 2715 1403 maligni-

527 1423 733 1484 tatem
759 1417 921 1502 quid
941 1425 1212 1496 tentare,
1241 1425 1310 1484 et
1337 1421 1608 1502 privata
1650 1421 1853 1484 etiam
1896 1421 2154 1483 civium
2184 1419 2383 1483 saluti
2410 1440 2515 1484 me
2543 1427 2718 1504 post-

429 1529 436 1534 ’
521 1517 786 1584 habere.
878 1521 1080 1584 Dolet
1120 1520 1402 1603 exprimi
1450 1520 1571 1583 has
1616 1539 1840 1597 voceS,
1886 1518 2005 1582 sed
2050 1519 2251 1582 celari
2280 1525 2543 1600 negant,
2572 1542 2713 1604 quae

522 1621 593 1686 in
623 1623 914 1685 omnium
937 1621 1153 1684 oculis
1181 1626 1367 1703 gesta
1395 1623 1567 1684 sunt.
1660 1617 1769 1681 An
1798 1619 2155 1683 immanius
2196 1637 2493 1702 unquam
2534 1621 2715 1686 habi-

521 1729 664 1789 tum
683 1722 791 1785 vel
820 1739 948 1785 uno
971 1739 1142 1784 anno
1167 1720 1596 1803 mancipium,
1644 1739 1849 1802 quam
1892 1739 2017 1783 nos
2068 1721 2573 1802 quatuordecim
2599 1741 2717 1804 per

521 1841 730 1888 annos
759 1823 882 1886 sub
915 1820 1180 1884 Nerone
1196 1823 1227 1884 ‘t
1319 1817 1477 1897 Quo
1517 1837 1750 1900 genere
1776 1819 1999 1882 tributi
2024 1837 2153 1882 non
2178 1819 2491 1884 exhausit
2514 1821 2717 1886 Rem-

519 1925 680 2008 pnb.
719 1930 792 1988 ut
815 1922 1305 1986 extorsionibus
1339 1939 1457 2003 per
1484 1918 1703 1982 scelus
1745 1920 2017 2000 profusa
2055 1939 2137 1982 ac
2165 1920 2421 2001 perdita
2448 1923 2713 2006 supple-

517 2029 616 2088 ret
639 2025 670 2086 ‘t
776 2021 937 2101 Qua
993 2023 1312 2086 abstinuit
1368 2019 1750 2085 crudelitate
1767 2021 1798 2082 Ἰ
1875 2019 2095 2083 Nobis
2124 2018 2711 2102 dissimulantibus,

513 2124 666 2208 ipsa
689 2123 1096 2188 clamitarent
1119 2142 1318 2186 saxa.
1405 2119 1679 2185 Veneno
1708 2125 2049 2201 grassatus
2074 2127 2179 2184 est
2220 2120 2289 2184 in
2333 2125 2539 2204 patris
2579 2125 2715 2190 fra-

513 2224 758 2308 trisque
785 2243 1035 2288 necem.
1149 2223 1334 2286 Nihil
1361 2223 1432 2286 in
1452 2221 1841 2286 'divexanda
1869 2219 2077 2286 matre
2096 2223 2285 2306 pensi
2310 2223 2563 2301 habuit,
2594 2226 2717 2291 do-

507 2343 630 2389 nee
673 2325 928 2389 incesto
955 2324 1278 2407 pollutam
1297 2323 1649 2403 occideret.
1738 2321 2058 2401 Uxorem,
2099 2328 2611 2408 praeceptorem,
2644 2332 2717 2394 et

511 2414 972 2509 quoscumque
1014 2425 1256 2489 virtute
1313 2424 1715 2507 conspicuos
1770 2424 1841 2488 in
1886 2430 2135 2502 senatu,
2167 2424 2431 2503 Romae,
2480 2432 2597 2491 aut
2638 2429 2717 2493 in

505 2528 869 2609 provinciis
897 2527 1115 2602 sciret,
1143 2525 1320 2588 nullo
1349 2544 1555 2588 sexus
1599 2528 1716 2587 aut
1742 2526 1965 2589 aetatis
1994 2524 2389 2603 discrimine,
2421 2546 2460 2589 e
2487 2528 2715 2593 medio

507 2627 798 2691 sustulit.
887 2624 1070 2704 Quid
1113 2626 1317 2690 anxia
1359 2626 1653 2708 suspiria
1694 2632 1763 2689 et
1788 2626 2158 2709 lachrymas
2198 2644 2552 2691 memorem
2609 2635 2716 2696 tot

503 2725 846 2805 nobilium,
876 2746 1152 2809 quorum
1181 2726 1294 2790 ille
1339 2729 1560 2809 patres
1594 2726 1931 2803 interemit,
1961 2731 2060 2790 tot
2098 2746 2402 2806 uxorum,
2426 2744 2716 2810 quarum

505 2827 801 2906 masitoS,
831 2828 1190 2909 insignium
1230 2827 1541 2903 virorum,
1582 2844 1755 2908 quos
1784 2826 1856 2889 in
1896 2826 2170 2891 exilium
2220 2827 2463 2909 ejecit?
2508 2828 2715 2912 quasi

499 2926 660 2991 fatis
705 2928 774 2991 in
828 2928 1350 2993 crudelissimum
1397 2925 1780 3009 Principem
1812 2927 2167 2993 vindictam
2210 2926 2709 2995 festinantibus·

505 3025 885 3109 Principem
905 3028 935 3089 ἲ
1009 3028 1212 3091 immo
1266 3026 1776 3104 incendiarium,
1822 3033 2176 3104 cantorem,
2234 3025 2708 3107 citharoedum,

497 3124 910 3204 histrionem,
954 3126 1457 3210 quadrigarium,
1488 3146 1892 3209 praeconem,
1936 3127 2138 3189 immo
2163 3146 2248 3189 ne
2291 3126 2508 3191 virum
2546 3128 2711 3210 qui-

498 3226 671 3305 den,
690 3230 805 3311 qui
833 3228 1000 3304 viro,
1029 3234 1097 3292 et
1121 3228 1236 3291 cui
1257 3228 1354 3291 vir
1382 3226 1715 3309 denupsit.
1806 3226 2183 3291 Monstrum
2202 3232 2271 3290 et
2292 3228 2711 3308 propudium

497 3330 750 3410 generis
777 3327 1078 3392 humani!
1145 3325 1323 3390 Puto
1364 3326 1565 3389 vobis
1606 3345 1697 3389 ex
1738 3326 1917 3391 fama
1966 3326 2330 3390 innotuisse
2382 3326 2708 3395 Vindicis

495 3430 562 3494 in
592 3427 821 3493 Gallia
840 3428 1233 3493 molitiones.
1321 3426 1440 3491 Me
1470 3427 1651 3511 quod
1676 3428 1930 3505 attinet,
1961 3427 2247 3491 indoleo.
2326 3428 2523 3491 Prior
2550 3430 2711 3496 vita

497 3530 588 3595 ab
631 3531 808 3593 omni
849 3529 1148 3613 sejuncta
1193 3530 1573 3607 ambitione,
1620 3529 1969 3613 captandis
2012 3528 2438 3611 dignitatibus
2480 3530 2709 3598 absti-

492 3629 670 3709 nuit3
714 3630 783 3694 et'
823 3636 1139 3714 quantum
1185 3630 1346 3693 mihi
1385 3630 1706 3711 temporis
1755 3636 2081 3713 superest,
2132 3629 2357 3694 malim
2404 3630 2703 3712 placide,

492 3735 816 3813 extraque
848 3732 1072 3795 turbas
1115 3730 1402 3811 transigi.
1493 3727 1631 3793 Sed
1676 3748 1852 3807 cum,
1900 3729 2131 3793 nescio
2178 3748 2313 3813 quo
2346 3730 2511 3807 fato,
2562 3750 2705 3799 seu

489 3830 694 3901 decus
743 3850 862 3895 seu
899 3850 1133 3895 munus
1160 3828 1338 3912 quod
1366 3848 1697 3913 nunquam
1723 3830 1952 3911 optavi
1970 3830 2261 3913 juvenis,
2290 3830 2527 3893 nedum
2554 3829 2703 3897 hac

487 3931 970 4015 ingravescenti
1015 3935 1231 4006 aetate,
1260 3930 1544 3993 aliorum
1587 3930 1747 3995 mihi
1790 3936 1950 3995 vota
1990 3932 2351 4013 imponant,
2382 3930 2704 3997 commit·

486 4034 620 4095 tere
647 4051 782 4096 non
809 4030 1044 4107 debeo,
1077 4029 1138 4093 si
1169 4048 1290 4094 vos
1334 4030 1547 4095 habeo
1573 4030 2030 4107 assentientes,
2060 4035 2135 4095 ut
2161 4031 2449 4115 publicai
2478 4031 2703 4099 saluti

485 4145 622 4197 non
643 4130 1057 4217 impendatur
1081 4130 1352 4196 ultimus
1380 4132 1657 4215 spiritus
1674 4132 1809 4215 hic,
1838 4144 1974 4217 quo
2002 4131 2211 4197 senile
2251 4146 2496 4219 corpus
2536 4132 2701 4201 ani-
