2893 4742
893 353 990 404 nr
1029 351 1428 404 successio
1472 347 1763 400 cuna.
2243 331 2419 402 21oe

205 495 466 588 muni-3
506 515 724 582 neque
763 494 990 564 Julius
1019 497 1412 580 Imperator,
1456 496 1569 560 vel
1593 493 1937 578 Augustus
1964 491 2225 573 Gaesar,
2252 495 2416 574 ado-

203 600 414 668 randa
437 601 608 666 mihi
635 599 896 664 eminus
939 599 1252 678 nomina,'
1271 618 1396 662 nec
1454 615 1727 662 accessu
1756 597 2065 680 propiore
2098 597 2413 662 violanda

198 721 376 768 nnnc
425 703 603 766 bello
655 697 1119 766 lacessuntur.'
1205 699 1342 764 Sed
1393 697 1685 763 nondum
1742 699 1995 762 finitam
2044 699 2409 764 orationem

198 803 432 870 turbat
471 805 752 868 militum
799 799 870 867 et
909 802 1144 887 populi
1173 801 1445 878 clamor,
1477 800 1956 882 Imperatorem
1985 802 2407 865 consalutan-

197 905 384 970 τίω.
475 905 724 983 Galba,
752 905 1028 969 laudato
1055 923 1282 968 eorum
1301 921 1462 984 erga
1484 901 1769 969 salutem
1790 901 2127 984 publicam
2156 902 2405 980 studio,

195 1013 484 1090 accepta
502 1028 596 1084 re,
621 1007 886 1070 nomine
913 1004 1276 1088 repudiato,
1303 1005 1593 1086 legatum
1638 1022 1713 1066 se
1740 1003 2023 1067 Senatus
2066 1022 2148 1067 ac
2176 1004 2407 1086 populi

195 1105 398 1172 Rom.
430 1109 776 1192 professus
805 1113 925 1170 est.
1016 1105 1338 1170 Proxima
1377 1123 1543 1168 cura
1586 1103 1715 1168 suit
1750 1104 1971 1185 copiis
2007 1104 2405 1170 militaribus
2516 1121 2529 1134 ·

195 1227 342 1273 sese
395 1208 682 1286 firmare,
710 1215 780 1274 et
820 1207 1216 1273 invidiosum
1243 1225 1479 1271 nomen
1510 1205 1721 1270 turbis
1747 1205 2119 1269 detrahere:
2164 1207 2407 1270 obtulit

197 1329 270 1374 se
289 1311 668 1392 provinciae
694 1311 894 1392 plebs
923 1312 1092 1374 miro
1110 1309 1404 1392 undique
1427 1307 1771 1373 confluxu.
1860 1305 1929 1370 N
1932 1327 2084 1373 ovoe
2114 1309 2403 1390 legiones

194 1416 265 1474 et
283 1411 552 1478 auxilia
573 1411 1179 1488 conscribebantur,
1199 1410 1513 1494 juvitque
1540 1410 2005 1474 necessitatem
2030 1429 2254 1487 casus,
2286 1410 2403 1494 qui

189 1530 438 1576 navem
479 1509 1004 1575 Alexandrinam
1053 1511 1318 1594 appulit
1362 1510 1565 1574 armis
1603 1516 1933 1588 onustam,
1982 1512 2123 1575 sine
2165 1514 2398 1593 gnber-

191 1618 448 1692 natore,
479 1615 626 1678 sine
645 1619 870 1692 nauta,
899 1632 982 1678 ac
1011 1619 1280 1678 vectore
1310 1613 1471 1677 ullo.
1564 1612 1899 1696 Magnum.
1932 1617 2223 1682 accessit
2264 1615 2399 1680 for-

193 1722 358 1780 tuna
385 1717 536 1780 haec
579 1715 667 1778 ad
693 1716 793 1778 rei
823 1734 1146 1780 summam
1188 1719 1625 1794 momentum3
1670 1721 1744 1778 ut
1778 1714 1923 1797 jam
1970 1717 2217 1779 nemini
2278 1716 2400 1782 du·

192 1817 380 1882 bium
408 1823 604 1895 esset,
629 1818 886 1899 justum
915 1818 1232 1899 piumque
1277 1819 1346 1879 et
1387 1815 1766 1880 faventibus
1796 1815 1949 1878 Diis
1978 1817 2225 1880 bellum
2252 1835 2399 1882 sus·

191 1919 354 2002 cipi.
449 1919 709 1983 Deinde
735 1936 823 1982 ex
851 1920 1316 2002 praesentibus,
1348 1918 1467 2001 qui
1504 1915 1853 2001 prudentia
1898 1922 1967 1982 et
1994 1923 2192 1982 aetate
2221 1921 2395 2001 prae·

191 2025 466 2096 starent,
513 2020 698 2083 velut
753 2021 962 2085 instar
1010 2024 1276 2092 senatus
1320 2019 1609 2082 instituit
1655 2017 1902 2096 Galba,
1950 2025 2019 2083 et
2066 2021 2395 2102 equestris

189 2121 448 2188 ordinis
465 2123 746 2206 juvenes
783 2123 1040 2204 delegit,
1073 2123 1192 2204 qni
1227 2121 1555 2184 excubias
1584 2120 1767 2183 circa
1792 2121 2169 2185 cubiculum
2200 2139 2395 2186 suum

187 2224 340 2286 vice
369 2223 652 2286 militum
683 2227 970 2304 agerent.
1057 2221 1278 2285 Etiam
1315 2241 1434 2305 per
1459 2219 1843 2306 provincias
1870 2220 2095 2286 edicta
2120 2221 2393 2302 dimisit,

189 2329 427 2388 auctor
457 2328 478 2356 ‘
511 2325 789 2407 singulis
806 2325 1263 2406 universisque
1293 2321 1729 2406 conspirandi
1758 2343 1777 2403 3
1814 2322 2013 2387 simul
2038 2329 2125 2402 et,
2154 2331 2231 2390 ut
2258 2345 2395 2409 qua

185 2432 426 2509 posset
451 2426 736 2509 quisque
763 2446 987 2509 opera,
1005 2444 1415 2490 communem
1445 2444 1721 2489 causam
1732 2425 2075 2509 juvarent?
2142 2427 2392 2509 Multi,

185 2524 462 2593 deserto
509 2528 795 2605 Nerone,
823 2528 890 2590 in
941 2526 1090 2610 ejus
1135 2533 1358 2610 partes
1401 2527 1788 2607 transibant,
1818 2534 1886 2592 et
1931 2530 2095 2594 inter
2138 2534 2393 2616 primos

187 2627 292 2693 M.
321 2629 596 2695 Salvius
621 2629 822 2709 Otho,
852 2636 1008 2694 tuuc
1037 2629 1402 2694 Lusitaniae
1444 2635 1679 2705 rector,
1710 2630 1957 2695 collata
1984 2634 2393 2716 supellectile

181 2730 686 2812 pretiosissima
711 2729 1121 2795 excudendae
1153 2730 1479 2814 pecuniae.
1555 2728 1637 2793 In
1656 2729 2015 2795 Germania
2044 2738 2389 2818 superiori,

183 2832 551 2908 exercitus,
585 2833 954 2915 perspectis
992 2832 1279 2896 Neronis
1307 2831 1559 2895 viribus
1602 2833 1957 2914 plurimum
2005 2835 2390 2917 imminutis,

187 2932 428 2997 Gallia
453 2934 524 2997 in
551 2940 851 3017 apertam
877 2933 1303 2999 rebellionem
1345 2935 1597 3010 excita,
1632 2933 1975 3017 Hispania
2003 2935 2391 3020 Principem

185 3040 580 3113 ostentante,
611 3035 1154 3125 aliisnprovinciis
1179 3036 1586 3111 nutantibus,
1616 3040 1843 3117 totque
1865 3037 2040 3102 votis
2076 3039 2145 3102 in
2184 3057 2391 3107 unum

183 3134 346 3199 licet
385 3136 852 3219 imperatorem
891 3156 1028 3200 non
1069 3136 1626 3219 conspirantibuS‚
1661 3134 1993 3200 Neronem
2022 3143 2242 3203 tamen
2270 3161 2391 3223 pa-

185 3234 326 3301 hm
369 3236 697 3303 hostiliter
733 3240 890 3321 peti,
930 3236 1350 3303 considerato
1394 3238 1649 3315 robore,
1682 3257 1815 3322 quo
1854 3258 2025 3303 nunc
2068 3240 2389 3309 collectus

186 3338 478 3415 valebat,
508 3340 628 3421 qui
657 3350 808 3405 ante
835 3340 908 3403 in
935 3341 1240 3405 cohortes
1267 3345 1334 3404 et
1363 3345 1616 3404 turmas
1644 3360 1763 3423 per
1790 3342 2111 3422 praesidia
2138 3343 2390 3427 disper-

185 3458 306 3505 sus
333 3446 532 3517 esset,
559 3458 604 3503 a
631 3440 852 3506 Galba
881 3442 1162 3517 alienae,
1221 3445 1288 3504 et
1313 3440 1716 3505 contumelia
1748 3442 1936 3506 ferox
1978 3443 2390 3528 fremensque

185 3542 274 3605 ab
321 3560 460 3605 una
491 3542 750 3625 legione
795 3543 923 3607 sibi
971 3544 1342 3627 principem
1389 3542 1664 3625 irnponi,
1708 3544 1940 3608 statuit
1962 3546 2389 3613 transferendi

185 3642 622 3724 Principatus
679 3645 952 3726 gloriam
997 3662 1350 3728 occupare.
1406 3672 1412 3679 ·
1442 3642 1532 3707 Et
1586 3644 1655 3706 in
1704 3646 2011 3725 proximo
2059 3654 2225 3724 erat,
2272 3650 2389 3732 qui

186 3742 350 3807 tanti
383 3743 692 3807 beneficii
719 3745 1079 3811 honoribus
1108 3766 1232 3830 par
1257 3752 1440 3811 esset
1467 3744 1825 3827 Verginius
1855 3745 2076 3811 Rufus
2103 3748 2389 3830 legatus,

185 3850 256 3909 et
281 3847 402 3927 qni
433 3844 634 3909 domo
661 3844 820 3909 licet
861 3847 1078 3909 minus
1119 3848 1350 3925 nobili,
1375 3852 1661 3931 attamen
1688 3848 1942 3925 virtute,
1962 3848 2166 3927 fama,
2195 3853 2389 3915 rebus

185 3947 416 4027 gestis,
433 3952 498 4008 et
525 3944 847 4030 quicquid
877 3948 1364 4012 aestimantibus
1409 3949 1479 4011 in
1525 3950 1973 4031 praerogativa
2006 3953 2134 4026 est,
2167 3948 2389 4019 Galba

183 4046 404 4128 potior
450 4049 861 4112 censebatur.
949 4054 971 4083 ‘
1002 4048 1188 4127 Hic,’
1213 4050 1616 4133 inquiebant,
1666 4052 1688 4083 ‘
1714 4050 2055 4131 gentilitiis
2082 4050 2387 4133 imagini·

183 4146 313 4211 bns
355 4148 418 4213 si
458 4148 712 4213 anteire
752 4146 1048 4233 dicatum
1093 4154 1164 4215 at
1209 4148 1507 4230 Catulus,
1536 4150 1745 4243 gentis
1789 4164 1995 4239 caput
2040 4162 2109 4222 et
2149 4156 2381 4238 decus,
