2893 4742
178 350 213 402 J
219 384 233 397 .
260 350 323 401 C.
346 348 455 411 62]

922 336 1464 388 msvomAnUM
1515 334 1664 385 mn.
1697 336 1784 385 n.

1193 584 1419 637 1⁵10?AE

192 734 457 797 princeps,
495 736 667 781 tamen
706 730 868 795 ipsius
908 744 1095 779 nornen
1128 742 1259 793 prm·

192 808 533 857 scribebatur.

258 882 413 935 Quod
433 888 583 946 patet
604 897 670 931 ex
702 882 803 931 boc
823 880 993 932 Taciti
1026 880 1169 930 Hist.
1192 892 1258 929 n.

194 961 277 1007 6⁶.
310 958 399 1007 ubi
436 960 499 1007 de
530 958 715 1008 Cluvio
758 956 929 1007 Rufo:
980 959 999 992 ⁴
1024 956 1259 1005 Hilarius

193 1034 415 1084 Caesaris
446 1034 661 1083 libertus
696 1034 979 1093 detulerat,
1010 1040 1258 1098 tanquam

192 1107 374 1159 audito
394 1108 595 1158 Vitellii
612 1114 670 1159 et
693 1108 914 1159 Othonis
944 1108 1261 1172 principatu,

192 1183 454 1247 propriam
490 1183 607 1247 ipse
641 1184 929 1247 potentiam
969 1188 1024 1231 et
1058 1196 1259 1246 posses·

192 1258 389 1308 sienem
400 1258 773 1322 Hispaniarum
789 1264 1071 1308 tentasset:
1091 1272 1260 1321 eoque

193 1332 562 1395 diplomatibus
586 1334 781 1383 nullum
803 1334 1093 1398 principem
1124 1346 1259 1397 prae·

192 1406 523 1469 scripsisset!

260 1482 347 1531 Sic
370 1479 506 1531 forte
540 1488 823 1545 potuerant
854 1488 913 1533 et
942 1482 1149 1533 inscribi
1172 1483 1261 1532 illa

193 1557 496 1619 diplomata,
516 1571 631 1620 qnae
648 1557 811 1607 dabat
832 1557 1111 1623 praefectus
1128 1572 1261 1620 prae-

196 1632 317 1681 torii
339 1633 751 1695 speculatoribus
784 1634 907 1697 suis,
928 1634 1159 1697 quamvis
1198 1648 1261 1683 ea

198 1706 497 1769 obsignaret
518 1707 633 1771 ipse
667 1706 969 1773 prefectus,
998 1721 1096 1759 non
1122 1708 1261 1773 prin·
1302 1717 1311 1723 '

198 1796 339 1845 ceps.

264 1856 499 1907 Absente
520 1858 773 1922 principe,
795 1864 967 1909 tamen
992 1858 1261 1923 pru-scribi

197 1932 382 1982 debuit
403 1932 513 1995 ejus
532 1947 747 1993 nomen3
780 1934 871 1983 sed
896 1936 1155 1985 exstincto
1176 1950 1262 1997 eo,

198 2017 293 2060 aut
333 2008 551 2071 imperio
590 2008 786 2057 incerto
819 2018 876 2058 et
910 2016 1126 2067 nutante
1159 2008 1264 2059 for·

196 2094 347 2148 tuna,
371 2092 429 2133 ut
452 2084 673 2147 contigit
696 2091 929 2148 tempore
959 2080 1134 2148 elapso
1158 2086 1263 2135 Ne-

195 2175 380 2210 ronem
414 2159 550 2207 inter
572 2168 626 2207 et
650 2158 893 2220 Galbam,
927 2160 1096 2224 potuit
1130 2158 1263 2209 forte

198 2252 299 2303 pro
324 2250 416 2286 suo
440 2236 565 2299 jure
600 2234 880 2298 praefectus
916 2242 1065 2298 praet.
1088 2235 1142 2284 id
1166 2235 1265 2286 sibi

196 2312 486 2375 vindicare,
528 2318 589 2361 ut
626 2326 813 2360 nomen
853 2326 1000 2360 suum
1056 2310 1265 2361 interim

196 2389 564 2456 praescriberet
583 2387 902 2452 diplomatis,
934 2393 990 2436 et
1010 2399 1073 2434 ea
1093 2387 1265 2452 obsig-

198 2470 369 2514 naret.

270 2539 521 2588 Attamen
562 2538 615 2586 id
657 2539 755 2588 sibi
793 2546 901 2587 tum
935 2537 1267 2588 vindicarunt

198 2615 458 2676 consules,
480 2620 659 2676 spreto
680 2612 993 2677 Nymphidio
1018 2613 1167 2678 praef.
1188 2621 1267 2662 ut·

202 2697 328 2754 pote
365 2705 583 2755 quorum
621 2697 759 2738 esset
795 2704 1042 2738 summurn
1075 2691 1126 2739 in
1167 2691 1267 2740 Re·

202 2766 331 2830 pub.
354 2767 647 2829 imperium.
714 2766 870 2816 Certe
899 2767 1104 2816 sublato
1131 2769 1269 2830 prin-

202 2843 341 2906 cipe,
363 2850 417 2891 et
440 2843 655 2906 imperio
679 2840 915 2903 ambiguo
953 2843 1089 2891 inter
1121 2841 1269 2904 duos,

204 2917 553 2982 periculosum
603 2917 721 2980 fnit,
774 2932 876 2966 non
932 2918 1270 2981 praescribere

202 3009 393 3045 nomeu
417 2995 723 3044 dominantis
749 2995 1065 3060 cujuspiam;
1100 3003 1157 3045 ut
1181 3011 1271 3059 pa·

204 3077 289 3120 tet
308 3071 547 3134 exemplo
570 3070 738 3120 Cluvii
765 3069 903 3130 Rufi,
925 3071 1013 3135 qui
1050 3069 1173 3120 licet
1198 3071 1274 3120 in-

208 3161 328 3195 sons
352 3148 475 3195 talis
499 3145 748 3208 criminis,
767 3147 1114 3196 accusabatur
1134 3136 1272 3212 apud

204 3223 495 3272 Vitellium.

273 3298 376 3347 Illa
399 3306 571 3346 autem
606 3297 909 3362 diplomata,
932 3313 1047 3363 quae
1070 3305 1272 3362 specta-

206 3371 339 3422 bant
362 3371 427 3421 ad
460 3387 669 3422 cursum
694 3373 977 3436 pubiicum,
1010 3373 1275 3424 habebant

211 3455 412 3500 certum
432 3455 636 3512 tempus
655 3449 966 3512 appositum,
980 3449 1117 3498 ultra
1137 3449 1275 3513 quod

208 3540 311 3574 non
338 3525 613 3580 valebant;
646 3523 783 3572 unde
817 3524 888 3573 sic
920 3525 1173 3588 Trajanus
1208 3525 1273 3574 ad

208 3600 467 3649 Plinium:
502 3601 519 3627 ‘
548 3599 871 3662 Diplomata,
896 3614 1109 3663 quorum
1141 3614 1272 3662 prm-

210 3675 401 3726 teritus
425 3682 505 3724 est
544 3675 672 3742 dies,
706 3689 811 3724 non
846 3675 1043 3725 debent
1078 3689 1189 3724 esse
1221 3676 1272 3724 in

210 3767 338 3800 usu:
378 3751 496 3798 ideo
521 3751 657 3800 iuter
696 3751 861 3814 prima
902 3751 1111 3815 injungo
1136 3751 1275 3814 mihi,

213 3833 271 3873 ut
292 3840 389 3888 per
411 3840 583 3874 omnes
608 3825 899 3887 provincias
928 3834 1051 3874 aute
1074 3827 1275 3876 mittam

211 3915 347 3950 nova
368 3898 673 3964 diplomata,
690 3915 842 3965 quam
860 3899 1139 3950 desulerari
1164 3917 1280 3966 pos-

212 3973 358 4025 sint!

281 4051 352 4100 Et
376 4049 496 4116 quia
532 4051 583 4098 in
620 4049 885 4113 exigendis
916 4050 994 4099 his
1033 4051 1279 4108 vehiculis

210 4125 437 4190 publicis
458 4123 717 4174 interdum
747 4122 889 4173 fraus
928 4125 1285 4176 committeba-

216 4207 326 4265 tur,
346 4201 466 4252 ideo
502 4200 845 4251 constitutum
878 4207 961 4250 est
995 4201 1161 4251 teneri
1193 4191 1282 4251 eos

1337 726 1454 789 lege
1479 724 1738 789 Cornelia,
1760 724 1848 791 qui
1878 724 2178 777 adulterinis
2201 724 2411 776 codicil-

1336 801 1402 852 lis
1425 808 1726 852 uterentur:
1763 807 1820 852 et
1841 807 1988 852 certe
2009 803 2107 851 hac
2128 792 2412 865 lege-dam·

1338 878 1452 927 nari
1475 878 1652 942 potuit
1674 878 1848 927 Coeuus
1867 878 1954 927 ille
1978 877 2182 927 Nersas‘s
2199 878 2412 941 libertas,

1338 953 1448 1017 qni,
1475 953 1613 1019 apud
1651 953 1912 1015 Tacitum,
1943 954 2238 1018 impudenti
2270 967 2412 1003 men·

1339 1029 1491 1078 dacio
1511 1028 1664 1079 finxit
1686 1029 2166 1095 vicisse-Othonem,
2177 1035 2237 1079 et
2258 1031 2274 1058 ‘
2295 1043 2410 1079 ver»

1339 1119 1448 1155 sam
1463 1105 1685 1169 partium
1699 1104 1980 1157 fortunam.
2003 1104 2412 1170 emuli-gend!

1338 1180 1462 1243 fnit,
1481 1188 1544 1231 ut
1561 1180 1852 1245 diplomata
1881 1182 2126 1245 Othonis,
2163 1197 2283 1247 quaa
2319 1194 2412 1231 ne·

1342 1257 1691 1322 gligebautur,
1703 1256 1908 1307 laetiore
1923 1258 2106 1307 nuntio
2119 1258 2410 1325 revalesce·

1342 1332 1498 1382 rent!
1587 1334 1800 1382 Etenim
1836 1333 1962 1382 victi
2001 1332 2294 1397 mortuique
2337 1333 2413 1383 0-

1342 1409 1511 1457 thonis
1531 1406 1833 1472 diplomata,
1857 1408 2004 1471 quasi
2026 1407 2153 1456 ficta
2185 1414 2242 1457 et
2265 1405 2410 1457 adul-

1342 1482 1510 1533 terina
1539 1482 1706 1531 videri
1743 1488 2053 1546 potueruut3
2089 1484 2192 1532 alio
2221 1496 2410 1546 nempe

1340 1564 1590 1624 regnante
1605 1559 1866 1622 principe;
1901 1558 2048 1621 cujus
2069 1572 2257 1607 nomen
2279 1572 2412 1623 prte-
2441 1556 2452 1567 '

1338 1634 1492 1685 scribi
1526 1635 1672 1684 novis
1715 1634 2012 1697 diplomatis
2057 1633 2257 1683 debuit.
2340 1634 2411 1683 Et

1341 1719 1488 1761 certe
1525 1710 1702 1759 statim
1753 1708 1770 1738 ‘
1800 1710 1949 1773 jussu
1988 1709 2190 1759 Vitellii
2233 1723 2414 1772 paenas

1341 1786 1459 1836 luit'
1487 1786 1606 1835 talis
1641 1786 1884 1848 criminis,
1913 1791 1971 1835 et
2006 1784 2181 1833 servili
2215 1784 2412 1848 suppli-

1334 1862 1423 1910 'cio
1446 1858 1664 1909 affectus
1685 1866 1785 1909 est.

1408 1934 1470 1983 ln
1495 1949 1586 1983 usu
1622 1933 1784 1983 fuisse
1807 1934 2052 1984 videntur
2081 1948 2142 1985 ea
2165 1933 2414 1998 diplom-

1345 2019 1419 2071 ιιι,
1440 2011 1599 2060 etiam
1627 2016 1803 2059 vetere
1841 2010 2047 2073 Repub.
2087 2015 2236 2073 patet
2261 2024 2326 2059 ex
2351 2024 2415 2059 eo

1343 2087 1462 2135 loco
1483 2085 1679 2135 Valerii
1703 2086 1846 2135 Max.
1863 2086 1897 2133 1.
1918 2098 2020 2135 vn.
2039 2084 2128 2133 ubi
2147 2086 2413 2137 deSentio
2511 2102 2530 2115 ‘

1344 2162 1640 2222 Saturnino,
1675 2162 1692 2188 ‘
1717 2160 1806 2225 qui
1828 2175 1946 2210 cum
1971 2175 2002 2209 a
2027 2161 2306 2211 triumviris
2341 2162 2415 2210 in·

1348 2242 1431 2288 ter
1456 2237 1770 2301 proscriptos
1795 2250 1982 2285 nomen
2009 2251 2154 2285 suum
2180 2238 2418 2300 proposi-

1346 2320 1454 2363 tum
1499 2311 1742 2375 audisset,
1778 2311 2026 2361 continuo
2057 2318 2302 2376 praeturoe
2343 2313 2421 2361 in-

1344 2389 1509 2453 signia
1531 2389 1754 2438 invasit:
1792 2389 2336 2453 praecedentibusque,
2360 2389 2416 2438 in

1344 2465 1550 2514 modum
1584 2465 1823 2513 lictorum
1843 2471 1898 2514 et
1913 2465 2267 2528 apparitorum
2291 2464 2419 2528 pub·

1342 2543 1662 2604 licor-umque
1685 2555 1970 2604 servorum,
1993 2541 2308 2605 subornatis,
2329 2553 2420 2589 ve·

1343 2616 1520 2667 hicula
1555 2618 1966 2682 comprehendit,
2001 2616 2226 2682 hospitia
2262 2632 2420 2668 occu·

1345 2692 1526 2757 pavit,'
1548 2695 1647 2744 dec.

1413 2766 1715 2830 Diplmata]
1749 2767 1988 2826 Constat,
2019 2766 2176 2816 rebus
2209 2781 2420 2832 compo-

1350 2843 1464 2894 sitis
1503 2843 1598 2892 sub
1639 2843 1894 2907 principe,
1932 2841 2237 2906 praefectum
2267 2851 2418 2907 praet.

1351 2917 1558 2970 dedisse
1619 2919 1810 2968 milites
1865 2918 2196 2984 perferendis
2250 2920 2420 2973 literis

1354 3011 1472 3060 quae
1494 2995 1558 3045 ad
1583 2994 1844 3059 publicum
1881 3001 2200 3059 spectarent,
2235 3002 2290 3044 et
2334 2995 2424 3046 de-

1352 3071 1493 3122 disse
1548 3070 1794 3121 militibus
1849 3085 1942 3120 seu
2008 3071 2421 3135 speculatoribus

1355 3145 1658 3209 diplomata,
1683 3147 1991 3210 praescripto
2009 3147 2261 3197 vocabulo
2285 3149 2426 3212 prin·

1354 3221 1504 3284 cipis,
1527 3227 1584 3270 ut
1607 3229 1755 3285 puto,
1789 3229 1842 3270 et
1877 3222 2043 3285 sigillo
2067 3237 2158 3273 suo
2181 3223 2423 3288 obsigna·

1354 3303 1427 3357 ta,
1468 3297 1651 3362 quibus
1689 3313 1779 3346 eos
1802 3299 2106 3348 civitatibus
2145 3307 2201 3348 et
2235 3301 2425 3365 magis-

1356 3372 1577 3422 tratibus
1619 3373 2037 3434 commendabat,
2080 3380 2140 3424 ut
2185 3374 2424 3424 vehicula

1354 3444 1566 3510 publiea
1589 3447 1654 3496 ad
1679 3448 2004 3496 celeritatem
2024 3447 2425 3512 suppeditaren-

1356 3529 1463 3570 tur.
2175 3565 2178 3568 ,

1418 3593 1640 3667 Et'forte
1659 3593 2048 3660 proficiscentes
2073 3600 2424 3661 speculatores

1355 3687 1421 3721 ex
1468 3671 1617 3736 urbe,
1659 3673 1894 3722 vehicula
1936 3688 2002 3722 ex
2052 3675 2178 3738 ipsis
2235 3675 2424 3724 castris

1356 3755 1508 3814 praet.
1553 3749 1905 3812 assumebant,
1951 3758 2140 3814 sponte
2185 3756 2240 3799 et
2273 3751 2426 3814 jussu

1355 3823 1628 3890 prefecti:
1680 3841 1796 3888 quae
1833 3825 2075 3875 vehicula
2103 3826 2169 3874 ad
2205 3825 2426 3890 primum

1358 3899 1496 3951 forte
1561 3898 1898 3950 diversorium
1963 3900 2315 3959 mutabantur,
2365 3905 2429 3950 ut

1359 3992 1496 4026 nunc
1529 3976 1782 4026 veredarii
1812 3965 1980 4040 equis
2023 3975 2094 4022 At
2131 3973 2310 4034 duces,
2331 3984 2426 4024 seu

1360 4053 1540 4116 legati,
1575 4052 1628 4100 in
1662 4051 1846 4102 castris
1884 4065 1946 4100 ac
1990 4049 2285 4113 provinciis,
2305 4063 2427 4100 cum

1359 4129 1588 4180 scribere
1629 4129 1829 4178 senatui
1853 4127 1935 4176 vel
1969 4127 2194 4192 principi
2217 4127 2428 4191 vellent,

1359 4203 1498 4254 forte
1537 4195 1692 4254 etiaim
1729 4204 1918 4254 milites
1951 4202 2007 4253 in
2045 4204 2098 4254 id
2130 4218 2315 4255 munus
2348 4218 2430 4255 as-
