2893 4742
897 295 993 358 aa·
1035 291 1433 348 successio
1478 296 1767 352 enea.
2254 285 2429 358 2129
2482 297 2505 310 ·

231 434 386 523 quid
413 443 664 522 aguet,
707 438 1018 506 incertus.
1112 438 1219 504 An
1266 441 1497 506 induci
1540 461 1613 506 se
1660 462 1703 506 a
1741 442 1911 508 duce
1956 441 2159 508 Gallo
2202 447 2432 514 statim

227 544 560 622 pateretur
575 541 607 604 ‘l
685 539 870 619 Quid
897 543 956 604 si
985 543 1112 606 hoc
1142 545 1484 608 involucro
1510 544 1693 607 stans
1720 550 2041 626 tegeretur
2056 548 2087 608 ‘l
2158 544 2268 610 An
2292 567 2435 613 rem

225 640 560 724 proderet,
607 661 690 704 ac
723 641 975 705 Neroni
1001 644 1286 706 mitteret
1313 645 1579 708 literas?
1626 647 1725 708 sic
1750 647 2163 728 suspiciones
2190 654 2435 713 sereret

221 761 562 825 nunquam
591 743 1037 820 extricandam,
1084 747 1396 808 continuo
1443 745 1747 809 arcessiti
1776 747 1903 810 sibi
1950 749 2035 810 ab
2064 749 2213 812 aliis
2258 751 2435 832 peri-

225 843 360 906 culi
391 851 570 908 metu
597 843 1072 927 trepidaturum.
1164 844 1360 909 Forte
1385 865 1509 913 nec
1539 846 1737 911 dolus
1766 847 2058 924 suberat,
2111 849 2435 932 quicquid

225 947 542 1026 opinione
564 945 699 1010 sibi
726 944 1118 1027 confingeret
1156 947 1471 1012 fallaciae.
1560 947 1671 1010 Ex
1699 949 1845 1012 istis
1886 949 2233 1029 ambiguis,
2264 971 2435 1034 quo-

229 1062 378 1108 rum
401 1050 703 1110 extrema
727 1066 881 1111 eum
907 1047 1276 1111 certissimo
1304 1048 1710 1130 objiciebant
1734 1048 2121 1126 discrimini,
2144 1048 2437 1118 medium

230 1145 472 1228 eligere
492 1147 782 1229 placuit:
803 1148 1186 1231 suppressis
1199 1149 1430 1224 literiS,
1453 1147 1539 1210 ad
1558 1148 1867 1213 ulteriora
1884 1151 2181 1232 progredi
2196 1152 2435 1232 noluit,

231 1252 732 1330 expectaturus,
783 1245 943 1311 dum
983 1245 1108 1310 has
1135 1248 1428 1312 eluctata
1460 1252 1799 1331 angustias
1828 1250 2093 1315 fortuna
2114 1251 2293 1335 ipsa,
2336 1255 2437 1316 r'e-

228 1347 362 1412 bus
389 1354 460 1411 et
487 1348 792 1412 consiliis
818 1349 1001 1414 viam
1028 1349 1378 1431 lucemque
1407 1351 1709 1433 aperiret.
1798 1349 1937 1414 Alii
1966 1371 2125 1416 suas
2156 1354 2243 1417 ad
2294 1351 2438 1417 Ne-

229 1467 462 1512 ronem
509 1449 732 1512 literas
767 1449 1006 1512 misere
1049 1449 1274 1530 legati,
1315 1451 1579 1533 prodito
1606 1450 1917 1531 Vindice,
1965 1459 2035 1516 et
2061 1455 2439 1522 rebellionis

231 1547 518 1631 flagitio,
571 1548 680 1614 cui
709 1551 912 1632 paulo
939 1555 1092 1632 post
1120 1570 1194 1613 se
1223 1551 1360 1632 ipsi
1391 1553 1897 1618 obstrinxerunt.
1984 1553 2261 1619 Vindex
2284 1574 2439 1638 ergo
2484 1635 2491 1642 .

233 1649 484 1734 paucis
529 1655 686 1732 post
732 1649 1078 1716 Kalendas
1115 1649 1398 1714 Martias
1452 1648 1709 1728 diebus,
1766 1653 2061 1716 nondum
2104 1655 2174 1718 in
2224 1655 2439 1719 solido

233 1751 460 1816 locata
487 1771 637 1834 spe,
681 1770 887 1836 quam
915 1750 1000 1815 de
1025 1749 1254 1814 Galba
1281 1755 1350 1814 et
1375 1749 1555 1815 felici
1596 1771 1815 1815 rerum
1852 1771 2165 1818 successu
2206 1773 2441 1820 conce-

233 1857 452 1940 perat,
527 1851 858 1917 advocata
905 1853 1226 1916 concione
1281 1869 1536 1928 eorum,
1581 1871 1749 1934 quos
1804 1853 1873 1914 in
1922 1853 2271 1935 provincia
2316 1852 2445 1922 s'ua

239 1951 561 2036 dignitate
587 1958 656 2018 et
681 1953 923 2036 opibus
951 1954 1358 2037 conspicuos
1393 1953 1646 2029 habuit,
1698 1954 2039 2036 tyrannice
2082 1973 2125 2017 a
2174 1953 2443 2021 Nerone

237 2060 428 2139 gesta
475 2055 698 2119 omnia
740 2052 943 2119 veluti
987 2075 1105 2136 per
1149 2054 1416 2117 tabulas
1463 2055 1849 2133 ‘recensens3
1918 2055 2251 2137 quomodo
2294 2057 2442 2123 scil.

241 2155 719 2224 immanissime
764 2153 1128 2238 expilasset
1172 2153 1494 2233 Galliam,
1541 2173 1825 2239 quoeque
1853 2155 1992 2218 alia
2028 2157 2094 2218 in
2121 2155 2441 2237 plurimo-

241 2275 390 2322 rum
433 2257 822 2340 perniciem,
871 2260 939 2319 et
963 2255 1453 2321 florentissimae
1482 2255 1770 2338 regionis
1798 2258 2054 2320 ruinam
2082 2263 2443 2341 struxerat,

243 2356 596 2437 suadebat,
654 2362 676 2393 ‘
708 2357 960 2423 Sumtis
1011 2360 1234 2438 armis,
1283 2378 1384 2435 se,
1427 2355 1796 2436 RomanoS,
1842 2362 1911 2422 et
1959 2357 2444 2425 conflictantem

246 2480 404 2526 eum
423 2460 560 2523 ista
583 2464 771 2542 peste
795 2460 1022 2523 orbem
1051 2465 1434 2523 assererent.
1478 2458 1565 2523 Et
1593 2460 1651 2524 si
1680 2456 1892 2535 forte:
1918 2459 2159 2541 inquit,
2191 2462 2213 2492 ‘
2228 2457 2445 2543 (quod

243 2552 652 2642 abominor)
691 2559 919 2623 invitis
943 2558 1096 2625 haec
1125 2560 1279 2625 Diis
1307 2560 1636 2636 molimur,
1680 2558 1951 2636 eamus,’
1994 2559 2230 2642 inquit,
2278 2564 2302 2594 ‘
2328 2579 2448 2627 au-

247 2662 480 2739 danes,
527 2666 596 2724 et
622 2680 816 2745 quem
845 2666 1158 2726 vexatum
1186 2662 1481 2745 undique
1508 2663 1815 2745 spiritum
1844 2661 2181 2737 trahimuS‚
2210 2662 2446 2726 armati

245 2766 734 2848 pugnantesque
757 2758 1230 2843 profundamus
1262 2764 1500 2845 patriae
1530 2760 1881 2825 vindicem.
1968 2760 2117 2825 Nec
2142 2778 2447 2843 ‘quaeren-

247 2864 378 2928 dus
423 2862 662 2947 procul
707 2861 1058 2945 Princeps,
1101 2861 1238 2947 (sic
1283 2862 1463 2941 dico,
1510 2864 1670 2948 quia
1697 2864 1924 2927 omnia
1960 2862 2107 2945 jam
2132 2863 2201 2923 in
2248 2858 2447 2943 pejus

247 2964 594 3039 inclinata,
637 2967 704 3026 et
744 2963 974 3043 ignota
1001 2962 1249 3026 saeculo
1294 2970 1525 3029 nostro
1552 2962 1786 3039 virtus,
1833 2979 2097 3045 sperare
2144 2978 2279 3023 non
2322 2977 2448 3042 pa·-

252 3066 502 3129 tiuntur
554 3062 759 3146 Reip.
810 3059 1230 3145 libertatem)
1271 3056 1481 3146 quem'
1527 3060 1801 3127 familiae
1852 3062 2116 3139 deeora,
2174 3060 2451 3143 insignis

249 3166 575 3251 potentia,
615 3169 686 3229 et
729 3166 1037 3246 spectata
1078 3162 1329 3246 ubique
1353 3164 1591 3239 virtus,
1643 3168 1825 3227 tanto
1869 3160 2134 3242 fastigio
2178 3160 2453 3243 dignum

253 3267 638 3333 extulerunt.
726 3262 952 3329 Galba
1001 3267 1126 3339 est,
1186 3261 1549 3346 Hispaniae
1594 3260 2112 3327 Tarraconensis
2158 3261 2452 3343 legatus3

253 3386 452 3451 quem
479 3365 540 3429 si
569 3363 940 3441 admittitis,
987 3362 1151 3427 nihil
1193 3368 1416 3441 restat,
1459 3361 1591 3426 nisi
1636 3368 1709 3426 ut
1752 3362 2119 3425 habeantur
2156 3380 2276 3443 per
2302 3378 2455 3444 pro·

251 3467 546 3531 vinciam
574 3464 910 3545 delectus3
955 3466 1098 3528 sine
1137 3464 1408 3547 quibus,
1456 3482 1578 3526 nec
1631 3467 1815 3526 tanta
1840 3462 2095 3527 molitio
2128 3462 2452 3539 subsistit,

254 3574 322 3633 et
343 3566 542 3632 vobis
567 3573 832 3649 quoque
879 3562 1218 3629 excidium
1245 3560 1593 3627 imminet.’
1680 3562 1923 3627 Secuto
1950 3580 2250 3639 assensu,
2302 3580 2457 3645 pro-

255 3668 436 3733 tinus
463 3666 755 3731 animum
782 3663 1015 3749 adjicit
1041 3665 1536 3730 conscribendis
1585 3668 1653 3727 et
1683 3664 1809 3727 sub
1854 3664 2043 3744 signa
2083 3661 2457 3743 redigendis

253 3766 655 3843 horninibus,
685 3784 924 3849 magna
951 3764 1242 3850 quidem,
1275 3764 1396 3829 sed
1423 3764 1669 3848 raptim
1687 3762 1991 3839 collecta,
2042 3768 2109 3826 et
2136 3762 2291 3826 belli
2321 3762 2481 3853 fere⁸

255 3868 692 3949 militarisque
745 3865 1124 3950 disciplinae
1165 3867 1515 3950 inexperta
1563 3862 1993 3930 multitudine.
2082 3862 2457 3947 Propositis

256 3969 490 4035 edictis
515 3968 798 4033 infamat
825 3966 1113 4035 Neronis
1140 3968 1513 4053 imperium,
1562 3966 1745 4049 quod
1770 3963 2041 4048 publice
2066 3963 2136 4027 in
2165 3962 2457 4029 Galbam

251 4068 722 4149 uansferebat3
783 4068 1056 4153 scriptis
1090 4068 1191 4135 -ad
1235 4087 1391 4139 eum
1439 4068 1672 4147 literis,
1718 4074 1737 4101 ⁸
1770 4071 1849 4131 ut
1896 4065 2184 4130 humano
2235 4066 2458 4149 generi

379 4170 564 4236 νειμ.
587 4173 642 4221 κ
669 4168 790 4221 να.
814 4168 955 4223 cneo.
1277 4168 1463 4223 we.-
2230 4170 2267 4219 ⁶
2280 4166 2331 4219 ἰ’
