2893 4742
909 342 1002 392 m·
1047 343 1446 396 successio
1492 347 1783 400 canna.
2208 335 2385 412 2149

183 505 316 551 non
335 481 516 552 ani?
601 483 766 550 Vox
791 483 946 550 forti
972 486 1272 570 principe
1297 485 1501 570 digna
1527 493 1595 554 et
1636 488 1896 555 meliori
1936 499 2109 571 aevo,'
2152 491 2274 558 sed
2316 499 2387 560 et

185 585 497 670 mpori,
538 592 610 652 et
650 585 788 670 ipsi
837 593 978 650 tum
1035 606 1272 671 parum
1321 607 1707 672 congruens,
1727 589 1859 656 fide
1906 592 2191 658 militum
2232 594 2383 678 jam

183 686 592 770 quotidianis
645 688 1178 772 corruptionibus
1235 689 1552 755 obnoxia.
1647 689 2021 756 Praesertim
2064 693 2385 760 onerabat

183 789 362 872 quod
407 791 608 854 trium
649 790 924 854 arbitrio
959 795 1307 872 regeretur,
1338 809 1510 873 quos
1536 785 1923 878 Paedagogos
1948 793 2151 875 vulgo
2175 812 2383 861 voca-

177 885 362 965 bant,
391 889 590 954 Vinii
633 908 716 955 ac
759 889 1053 954 Laconis
1103 890 1350 954 intimae
1401 889 1823 954 admissionis
1878 891 2271 970 amicorum,
2313 899 2383 962 et

181 986 348 1054 Iceli
375 991 620 1057 liberti.
707 989 1008 1056 Privatis
1035 990 1284 1074 quippe
1310 989 1687 1053 hominibus
1715 989 1959 1056 sufficit
1988 991 2074 1058 ad
2094 991 2379 1076 justitiae

181 1088 477 1169 laudem,
505 1095 568 1157 si
591 1110 773 1159 noxa
797 1093 868 1156 in
899 1091 1070 1156 alios
1101 1091 1507 1172 abstineant3
1552 1096 1624 1154 at
1659 1091 1946 1174 principi
1990 1092 2377 1172 curandum,

181 1209 262 1253 ne
287 1191 616 1276 cuiquam
644 1213 734 1258 ex
772 1193 912 1257 suis
941 1191 1012 1256 id
1045 1191 1288 1272 liceat3
1329 1193 1466 1257 nisi
1495 1195 1671 1256 certe
1698 1191 1786 1256 ad
1813 1193 2093 1275 primam
2119 1193 2379 1260 occasi·

181 1309 374 1356 onem
401 1293 832 1359 familiarium
860 1294 1153 1359 omnium
1181 1294 1418 1378 culpiS,
1438 1294 1621 1357 velut
1663 1311 1707 1356 a
1746 1312 1819 1356 se
1860 1293 2017 1376 ipso
2046 1291 2377 1372 admissis,

179 1389 492 1460 damnari
512 1395 696 1460 velit.
783 1391 967 1472 Quid
1015 1392 1206 1458 refert
1233 1413 1366 1476 qua
1392 1399 1587 1476 parte
1602 1393 1861 1475 ingruat
1889 1395 1955 1458 in
1980 1392 2163 1458 cives
2189 1392 2377 1476 fiagi-

177 1492 370 1571 tinm,
401 1494 651 1570 sceluS,
681 1497 799 1558 aut
837 1491 1104 1576 injuria,
1148 1493 1208 1556 si
1232 1492 1545 1559 damnum
1572 1497 1821 1576 praesto
1848 1492 1960 1570 sit,
1990 1491 2377 1560 connivente

175 1601 288 1658 aut
315 1595 524 1660 etiam
549 1595 888 1678 ignorante
918 1594 1036 1677 qui
1065 1594 1414 1678 prohibere
1441 1594 1690 1659 debuit.
1777 1593 1891 1658 Sic
1943 1591 2191 1671 Galba,
2218 1609 2376 1662 cum

171 1714 418 1760 nomen
447 1699 614 1780 ejnS,
655 1696 812 1761 licet
851 1695 1068 1774 inscii,
1093 1700 1567 1780 praetentetur
1594 1695 1823 1760 multis
1864 1693 2149 1778 injuriis,
2192 1695 2375 1779 quod

173 1801 402 1860 tamen
427 1795 750 1876 grassanti
790 1794 1074 1862 licentiae
1105 1795 1471 1879 amicorum
1498 1813 1629 1860 non
1667 1795 1951 1872 obstitit,
1992 1801 2063 1860 et
2098 1794 2373 1859 laterent

173 1895 364 1960 inum
391 1895 650 1960 scelera
696 1914 978 1978 quorum
1003 1895 1374 1978 ignorantia
1401 1894 1659 1978 culpari
1687 1895 1946 1972 meruit,
1976 1892 2371 1959 auctoritate

161 1997 304 2079 jam
351 1996 563 2074 nulla,
605 1997 784 2081 ipse.
801 2015 928 2062 suo
975 2001 1044 2065 et
1086 1993 1223 2063 fere
1267 1995 1472 2061 etiam
1498 1993 1787 2080 Reipub.
1826 1994 2039 2061 exitio
2094 1990 2369 2079 gradum

170 2097 440 2164 struxit.
