2893 4742
433 285 614 408 Μ
1249 351 1451 404 uon
1494 351 1753 404 8810!
1762 353 1835 406 ΙΙ

431 497 592 566 mlo
629 493 952 562 absistere
987 498 1269 578 poterat.
1359 493 1610 560 Galvia
1634 495 1989 580 Gripinilla
2030 493 2431 564 in-Neronis
2474 494 2633 568 inu-

436 619 586 668 mas
613 598 922 662 libidines
947 602 1263 672 assumta,
1285 616 1438 662 cum
1466 605 1621 680 post
1648 598 1797 678 ejus
1822 604 2101 662 mortem
2130 597 2261 661 sibi
2288 604 2631 688 metueret,

435 703 508 770 in
533 699 836 766 Africam
881 699 1202 784 trajecit·
1259 698 1451 764 Illius
1496 700 1793 765 consiliis
1850 719 2013 766 usus
2060 700 2313 779 Macer,
2362 703 2637 785 provin-

437 803 636 879 ciam,
665 819 798 884 qua
843 801 1010 864 mari
1057 802 1376 878 imminet,
1406 801 1745 884 praesidiis
1790 802 2029 878 firmat,
2060 803 2280 866 vetitis
2324 800 2637 866 frumenti

439 903 1058 980 transvectiouibus,
1087 902 1372 968 Romam
1401 902 1579 966 fame
1604 921 1971 986 pressurus.
2062 901 2407 968 Fonteium
2428 901 2641 985 Capi-

437 1008 678 1082 tonem,
707 1003 1036 1068 inferioris
1061 1003 1440 1070 Germaniae
1468 1004 1783 1084 legatum,
1812 1003 2067 1086 aliquid
2096 1023 2219 1087 pro
2246 1023 2321 1068 se
2346 1004 2641 1084 agitasse

369 1101 386 1119 ⁸
441 1105 622 1172 fama
647 1111 774 1172 est.
860 1104 1208 1170 Affirmant
1257 1125 1432 1181 eum,
1464 1123 1616 1168 cum
1652 1106 1785 1188 juri
1813 1105 2105 1168 dicundo
2134 1103 2538 1188 praesideret,
2568 1105 2641 1168 et

441 1209 582 1286 ille,
609 1210 840 1274 contra
867 1228 1066 1290 quem
1089 1213 1229 1272 erat
1257 1207 1789 1290 pronunciatum,
1840 1207 2249 1290 appellasset
2276 1206 2639 1284 Caesarem,

441 1317 583 1376 tum
639 1311 1008 1374 surrexisse
1067 1310 1402 1391 altiusque
1448 1308 1919 1372 conscendisse
1966 1307 2375 1384 subsellium,
2413 1310 2637 1392 jusso,

445 1415 467 1446 ‘
497 1411 616 1495 qui
661 1413 876 1476 victus
919 1415 1083 1487 erat,
1125 1429 1440 1493 perorare
1492 1429 1767 1474 causam
1816 1411 1889 1472 in
1918 1409 2212 1474 Caesaris
2264 1409 2641 1474 auditorio-⁹

445 1511 584 1578 Sed
627 1511 880 1574 Fabius
908 1510 1161 1574 Valens
1215 1510 1491 1593 legionis
1512 1510 1781 1574 ibidem
1824 1512 2106 1592 legatus,
2136 1509 2376 1574 Galbae
2418 1516 2643 1593 paroes

446 1613 800 1697 amplexus
839 1617 1002 1689 erat,
1029 1612 1404 1696 primusque
1451 1631 1604 1675 cum
1646 1630 1771 1676 suo
1814 1612 2025 1676 milite
2078 1613 2149 1677 in
2190 1613 2335 1695 ejus
2379 1613 2643 1678 transiit

447 1719 948 1790 sacramentum,
993 1715 1376 1797 exemplum
1429 1719 1741 1797 sequente
1789 1719 1926 1777 toto
1970 1715 2263 1778 exercitu
2316 1714 2645 1780 inferioris

433 1815 846 1885 Germaniae.
937 1815 1026 1880 Et
1070 1821 1208 1880 tum
1233 1813 1601 1896 Verginius
1644 1815 1829 1879 solus
1872 1809 2642 1878 existimabatur‘GaJhoe

445 1914 704 1992 rivalis,
725 1915 872 1998 jam
897 1917 1160 1993 clarior,
1191 1935 1517 1998 oppresso
1546 1913 1853 1992 Vindice,
1876 1921 1965 1992 et,
1996 1915 2361 1998 perdomita
2379 1913 2643 1992 Galliag

449 2020 522 2080 at
561 2017 699 2094 ille,
743 2035 1124 2099 quanquam
1161 2037 1206 2080 a
1245 2016 1587 2093 militibus,
1618 2016 1927 2098 evulgata
1955 2015 2243 2080 Neronis
2264 2021 2499 2092 morte,
2540 2017 2647 2081 ita

447 2122 802 2200 urgeretur,
861 2121 936 2182 ut
987 2115 1324 2183 Tribunus
1377 2117 1581 2183 etiam
1630 2119 1862 2182 stricto
1916 2117 2087 2181 ferro
2148 2116 2435 2200 juberet,
2478 2119 2499 2149 ‘
2528 2123 2649 2182 aut

445 2217 636 2296 illud,
665 2223 780 2282 aut
805 2218 1158 2301 imperium
1184 2217 1534 2300 accipere:
1562 2235 1607 2280 a
1654 2218 2001 2301 proposito
2049 2237 2123 2281 se
2168 2225 2389 2282 tamen
2432 2218 2649 2283 dimo-

448 2319 588 2387 veri
615 2336 1029 2401 nequaquam
1059 2335 1306 2401 passus
1325 2321 1450 2382 est.
1539 2315 1788 2383 Postea
1812 2319 2077 2403 cognito
2106 2319 2393 2384 Senatus
2420 2319 2648 2385 decre-

449 2424 542 2495 to,
569 2428 809 2502 sponte
837 2420 974 2497 ille,
997 2419 1330 2484 exercitus
1375 2424 1597 2483 autem
1640 2438 1837 2501 aegre,
1864 2427 1931 2485 et
1970 2422 2232 2485 nonnisi
2274 2420 2391 2483 diu
2434 2422 2651 2487 relum-

449 2522 654 2595 tatus,
687 2522 706 2552 ‘
737 2520 808 2583 in
837 2520 1044 2584 verba
1069 2518 1330 2585 Galbae’
1349 2522 1622 2605 juravit,
1654 2540 1807 2584 cum
1824 2522 1968 2604 jam
1996 2522 2257 2585 inferior
2280 2521 2651 2587 Germania

450 2626 868 2685 sacramento
893 2620 1042 2705 ejus
1069 2626 1252 2687 esset
1271 2622 1551 2689 adacta:
1596 2628 1663 2688 et
1706 2627 1979 2687 secutus
2026 2640 2187 2687 mox
2227 2630 2331 2689 est
2362 2623 2651 2707 reliqua·

449 2739 596 2785 rum
621 2722 1108 2804 provinciarum
1135 2744 1514 2790 consensus,
2292 2802 2299 2811 ‚

537 2820 766 2889 Galba
785 2824 1172 2889 ordinandis
1201 2825 1476 2911 Imperii
1504 2829 1703 2891 rebus
1724 2828 2031 2905 intentus,
2060 2828 2365 2895 civitates
2392 2829 2651 2915 Hispa-

447 2922 710 3007 niarum
737 2944 890 3008 quse
915 2929 1333 2995 cunctantius
1361 2930 1493 2994 sibi
1536 2934 1985 3007 accesserant,
2018 2933 2039 2963 ‘
2072 2930 2485 3009 gravioribus
2530 2933 2651 2997 tri-

453 3022 678 3102 butis,’
707 3027 1035 3109 quasdam
1075 3030 1278 3095 etiam
1313 3034 1334 3065 ‘
1364 3050 1702 3097 murorum
1746 3030 2205 3096 destructione’
2234 3034 2533 3115 punivit3
2578 3039 2653 3100 et

453 3126 856 3208 pra-,positos
907 3136 1511 3212 procuratoresque
1552 3132 1891 3215 supplicio
1936 3132 2176 3215 capitis
2206 3132 2449 3211 affecit,
2492 3152 2653 3199 cum

453 3221 852 3306 conjugibus
897 3246 982 3293 ac
1026 3229 1275 3295 liberis.
1365 3231 1523 3308 Quo
1564 3233 1745 3297 facto
1790 3234 2087 3299 excessit
2111 3232 2397 3298 Neronis
2448 3236 2652 3299 soevi·

455 3322 642 3403 tiam,
669 3332 906 3409 praeter
931 3330 1224 3395 omnium
1253 3332 1809 3413 expectationem,
1854 3338 1919 3397 et
1961 3332 2230 3415 quidem
2271 3334 2653 3416 principatu

453 3423 742 3505 nondum
791 3426 1044 3493 adulto.
1133 3427 1469 3495 Trebonio
1510 3430 1911 3497 Garrutiano
1941 3431 2189 3499 Africae
2238 3436 2651 3517 procuratori

455 3526 785 3611 praecipit,
817 3531 839 3561 ‘
868 3528 1234 3597 interimere
1265 3529 1597 3610 Macrum,
1638 3550 1867 3597 recens
1912 3536 2361 3618 conscriptam
2406 3536 2507 3598 ibi
2548 3535 2652 3600 le-

453 3626 716 3723 gionem
773 3627 1120 3707 dimittere,
1163 3634 1621 3718 regionemque
1664 3634 1849 3699 illam
1906 3636 2117 3699 turbis
2171 3654 2453 3719 purgare
2476 3636 2515 3700 τ’
2578 3640 2655 3710 et

455 3722 770 3792 suffectus
799 3735 904 3793 est
923 3727 1240 3813 Verginio
1271 3732 1703 3801 Hordeonius
1730 3734 2040 3813 Flaccus,
2071 3736 2187 3819 qui
2230 3742 2367 3800 tum
2412 3736 2653 3800 utrius·-

453 3844 586 3907 que
615 3825 994 3897 Germaniae
1020 3833 1275 3915 legatus
1301 3836 1448 3900 fuit.
1535 3836 1707 3900 Tum
1751 3853 1958 3901 senex
2001 3836 2355 3918 paludatus
2394 3838 2521 3902 iter
2548 3836 2653 3903 in·-

455 3944 724 4009 gressus
751 3938 872 4011 est,
901 3953 983 3999 ac
1013 3933 1414 4021 dependente
1458 3958 1503 4001 a
1530 3938 1901 4003 cervicibus
1945 3938 2257 4021 pugione,
2286 3958 2415 4003 nec
2464 3938 2652 4022 prius

455 4048 654 4123 u‘sum
697 4040 870 4119 togae
903 4040 1348 4122 recuperavit,
1395 4056 1598 4120 quam
1623 4039 1967 4124 oppressis
1997 4039 2115 4122 qui
2142 4058 2353 4104 novas
2378 4058 2484 4104 res
2502 4056 2652 4103 mo-

449 4132 802 4203 liebantur.
887 4138 1391 4225 Galliarumque
1419 4140 1751 4221 civitates,
1778 4138 2059 4207 Vindici
2093 4141 2395 4207 resistere
2423 4156 2653 4221 ausas,
