<?xml version="1.0" encoding="UTF-8"?>
<!DOCTYPE html PUBLIC "-//W3C//DTD XHTML 1.0 Transitional//EN"
    "http://www.w3.org/TR/xhtml1/DTD/xhtml1-transitional.dtd">
<html xmlns="http://www.w3.org/1999/xhtml" xml:lang="en" lang="en">
 <head>
  <title>
</title>
<meta http-equiv="Content-Type" content="text/html;charset=utf-8" />
  <meta name='ocr-system' content='tesseract 3.04.00' />
  <meta name='ocr-capabilities' content='ocr_page ocr_carea ocr_par ocr_line ocrx_word'/>
</head>
<body>
  <div class='ocr_page' id='page_1' title='image "./ccorneliitaciti04obergoog/ccorneliitaciti04obergoog_0435.png"; bbox 0 0 2893 4742; ppageno 0'>
   <div class='ocr_carea' id='block_1_1' title="bbox 2303 433 2478 500">
    <p class='ocr_par' dir='ltr' id='par_1_1' title="bbox 2303 433 2478 500">
     <span class='ocr_line' id='line_1_1' title="bbox 2303 433 2478 500; baseline 0 0"><span class='ocrx_word' id='word_1_1' title='bbox 2303 433 2478 500; x_wconf 77' lang='lat'><strong>2549</strong></span> 
     </span>
    </p>
   </div>
   <div class='ocr_carea' id='block_1_2' title="bbox 268 588 2482 1082">
    <p class='ocr_par' dir='ltr' id='par_1_2' title="bbox 268 588 2480 980">
     <span class='ocr_line' id='line_1_2' title="bbox 268 588 2480 674; baseline 0 -18"><span class='ocrx_word' id='word_1_2' title='bbox 268 593 449 656; x_wconf 84' lang='lat' dir='ltr'><strong>silire</strong></span> <span class='ocrx_word' id='word_1_3' title='bbox 499 593 568 657; x_wconf 92' lang='lat' dir='ltr'><strong>in</strong></span> <span class='ocrx_word' id='word_1_4' title='bbox 614 589 789 656; x_wconf 82' lang='lat' dir='ltr'><strong>vada</strong></span> <span class='ocrx_word' id='word_1_5' title='bbox 837 589 1009 654; x_wconf 85' lang='lat' dir='ltr'><strong>ultro</strong></span> <span class='ocrx_word' id='word_1_6' title='bbox 1062 588 1401 666; x_wconf 85' lang='lat' dir='ltr'><strong>Germani,</strong></span> <span class='ocrx_word' id='word_1_7' title='bbox 1453 593 1774 656; x_wconf 71' lang='lat' dir='ltr'><strong>retentare</strong></span> <span class='ocrx_word' id='word_1_8' title='bbox 1827 609 2118 674; x_wconf 79' lang='lat' dir='ltr'><strong>puppeS,</strong></span> <span class='ocrx_word' id='word_1_9' title='bbox 2163 592 2480 658; x_wconf 83' lang='lat' dir='ltr'><strong>scandere</strong></span> 
     </span>
     <span class='ocr_line' id='line_1_3' title="bbox 268 688 2480 775; baseline 0.002 -19"><span class='ocrx_word' id='word_1_10' title='bbox 268 688 485 770; x_wconf 79' lang='lat' dir='ltr'><strong>forOS,j</strong></span> <span class='ocrx_word' id='word_1_11' title='bbox 535 700 648 757; x_wconf 86' lang='lat' dir='ltr'><strong>aut</strong></span> <span class='ocrx_word' id='word_1_12' title='bbox 693 693 987 772; x_wconf 80' lang='lat' dir='ltr'><strong>cominus</strong></span> <span class='ocrx_word' id='word_1_13' title='bbox 1036 711 1362 774; x_wconf 86' lang='lat' dir='ltr'><strong>mergere:</strong></span> <span class='ocrx_word' id='word_1_14' title='bbox 1411 711 1564 775; x_wconf 80' lang='lat' dir='ltr'><strong>quae</strong></span> <span class='ocrx_word' id='word_1_15' title='bbox 1609 697 1868 770; x_wconf 83' lang='lat' dir='ltr'><strong>cuncta,</strong></span> <span class='ocrx_word' id='word_1_16' title='bbox 1898 694 1968 758; x_wconf 88' lang='lat' dir='ltr'><strong>in</strong></span> <span class='ocrx_word' id='word_1_17' title='bbox 1998 693 2212 758; x_wconf 89' lang='lat' dir='ltr'><strong>oculis</strong></span> <span class='ocrx_word' id='word_1_18' title='bbox 2240 695 2480 760; x_wconf 83' lang='lat' dir='ltr'><strong>utrius-</strong></span> 
     </span>
     <span class='ocr_line' id='line_1_4' title="bbox 268 791 2480 888; baseline 0 -30"><span class='ocrx_word' id='word_1_19' title='bbox 268 813 399 878; x_wconf 90' lang='lat' dir='ltr'><strong>que</strong></span> <span class='ocrx_word' id='word_1_20' title='bbox 454 791 843 870; x_wconf 70' lang='lat' dir='ltr'><strong>exercituS,¹²</strong></span> <span class='ocrx_word' id='word_1_21' title='bbox 912 795 1498 888; x_wconf 54' lang='lat' dir='ltr'><strong>quantostaetiora</strong></span> <span class='ocrx_word' id='word_1_22' title='bbox 1553 793 1964 872; x_wconf 75' lang='lat' dir='ltr'><strong>VitellianiS,</strong></span> <span class='ocrx_word' id='word_1_23' title='bbox 2021 800 2206 858; x_wconf 85' lang='lat' dir='ltr'><strong>tanto</strong></span> <span class='ocrx_word' id='word_1_24' title='bbox 2258 795 2480 860; x_wconf 77' lang='lat' dir='ltr'><strong>acrius</strong></span> 
     </span>
     <span class='ocr_line' id='line_1_5' title="bbox 270 895 2234 980; baseline 0.001 -22"><span class='ocrx_word' id='word_1_25' title='bbox 270 895 633 962; x_wconf 81' lang='lat' dir='ltr'><strong>Othoniani</strong></span> <span class='ocrx_word' id='word_1_26' title='bbox 665 917 939 960; x_wconf 85' lang='lat' dir='ltr'><strong>causam</strong></span> <span class='ocrx_word' id='word_1_27' title='bbox 970 902 1438 980; x_wconf 83' lang='lat' dir='ltr'><strong>auctoremque</strong></span> <span class='ocrx_word' id='word_1_28' title='bbox 1469 895 1686 961; x_wconf 87' lang='lat' dir='ltr'><strong>cladis</strong></span> <span class='ocrx_word' id='word_1_29' title='bbox 1716 895 2234 962; x_wconf 83' lang='lat' dir='ltr'><strong>detestabantur.</strong></span> 
     </span>
    </p>

    <p class='ocr_par' dir='ltr' id='par_1_3' title="bbox 354 992 2482 1082">
     <span class='ocr_line' id='line_1_6' title="bbox 354 992 2482 1082; baseline 0 -20"><span class='ocrx_word' id='word_1_30' title='bbox 354 997 465 1062; x_wconf 84' lang='lat'><strong>36.</strong></span> <span class='ocrx_word' id='word_1_31' title='bbox 512 997 603 1061; x_wconf 89' lang='lat' dir='ltr'><strong>Et</strong></span> <span class='ocrx_word' id='word_1_32' title='bbox 631 999 939 1081; x_wconf 88' lang='lat' dir='ltr'><strong>praelium</strong></span> <span class='ocrx_word' id='word_1_33' title='bbox 978 996 1271 1080; x_wconf 90' lang='lat' dir='ltr'><strong>quidem,</strong></span> <span class='ocrx_word' id='word_1_34' title='bbox 1304 999 1630 1081; x_wconf 86' lang='lat' dir='ltr'><strong>abruptis¹</strong></span> <span class='ocrx_word' id='word_1_35' title='bbox 1683 1018 1834 1080; x_wconf 82' lang='lat' dir='ltr'><strong>quae</strong></span> <span class='ocrx_word' id='word_1_36' title='bbox 1873 992 2320 1082; x_wconf 84' lang='lat' dir='ltr'><strong>supererant²¹</strong></span> <span class='ocrx_word' id='word_1_37' title='bbox 2361 1015 2482 1062; x_wconf 85' lang='lat' dir='ltr'><strong>na-</strong></span> 
     </span>
    </p>
   </div>
   <div class='ocr_carea' id='block_1_3' title="bbox 260 445 1810 515">
    <p class='ocr_par' dir='ltr' id='par_1_4' title="bbox 260 445 1810 515">
     <span class='ocr_line' id='line_1_7' title="bbox 260 445 1810 515; baseline -0.008 -10"><span class='ocrx_word' id='word_1_38' title='bbox 260 452 318 506; x_wconf 81' lang='lat' dir='ltr'><strong>J.</strong></span> <span class='ocrx_word' id='word_1_39' title='bbox 346 452 408 503; x_wconf 82' lang='grc' dir='ltr'><strong>ο.</strong></span> <span class='ocrx_word' id='word_1_40' title='bbox 448 450 557 515; x_wconf 70' lang='lat' dir='ltr'><strong>aa]</strong></span> <span class='ocrx_word' id='word_1_41' title='bbox 946 445 1482 495; x_wconf 57' lang='lat' dir='ltr'><strong>maronianum</strong></span> <span class='ocrx_word' id='word_1_42' title='bbox 1534 447 1680 496; x_wconf 77' lang='lat' dir='ltr'><strong>mn.</strong></span> <span class='ocrx_word' id='word_1_43' title='bbox 1729 446 1810 494; x_wconf 89' lang='lat'><strong>11.</strong></span> 
     </span>
    </p>
   </div>
   <div class='ocr_carea' id='block_1_4' title="bbox 266 1173 2482 1368">
    <p class='ocr_par' dir='ltr' id='par_1_5' title="bbox 266 1173 2482 1368">
     <span class='ocr_line' id='line_1_8' title="bbox 266 1173 2482 1245; baseline 0.001 -19"><span class='ocrx_word' id='word_1_44' title='bbox 266 1177 413 1238; x_wconf 69' lang='lat' dir='ltr'><strong>nuni,</strong></span> <span class='ocrx_word' id='word_1_45' title='bbox 430 1178 709 1241; x_wconf 68' lang='lat' dir='ltr'><strong>prehensus-e</strong></span> <span class='ocrx_word' id='word_1_46' title='bbox 726 1193 921 1242; x_wconf 76' lang='lat' dir='ltr'><strong>puppes,</strong></span> <span class='ocrx_word' id='word_1_47' title='bbox 942 1177 1200 1242; x_wconf 79' lang='lat' dir='ltr'><strong>irrumpere</strong></span> <span class='ocrx_word' id='word_1_48' title='bbox 1221 1180 1449 1243; x_wconf 71' lang='lat' dir='ltr'><strong>tabulatu,</strong></span> <span class='ocrx_word' id='word_1_49' title='bbox 1482 1185 1565 1228; x_wconf 72' lang='lat' dir='ltr'><strong>unt</strong></span> <span class='ocrx_word' id='word_1_50' title='bbox 1603 1195 1628 1228; x_wconf 83' lang='lat' dir='ltr'><strong>e</strong></span> <span class='ocrx_word' id='word_1_51' title='bbox 1661 1173 1919 1245; x_wconf 55' lang='lat' dir='ltr'><strong>propinquo</strong></span> <span class='ocrx_word' id='word_1_52' title='bbox 1947 1181 2229 1243; x_wconf 67' lang='lat' dir='ltr'><strong>depr-intere.-</strong></span> <span class='ocrx_word' id='word_1_53' title='bbox 2261 1195 2365 1243; x_wconf 72' lang='lat' dir='ltr'><strong>qua</strong></span> <span class='ocrx_word' id='word_1_54' title='bbox 2384 1193 2482 1228; x_wconf 78' lang='lat' dir='ltr'><strong>om·</strong></span> 
     </span>
     <span class='ocr_line' id='line_1_9' title="bbox 266 1243 2481 1309; baseline 0.001 -19"><span class='ocrx_word' id='word_1_55' title='bbox 266 1243 365 1304; x_wconf 68' lang='lat' dir='ltr'><strong>ntia,</strong></span> <span class='ocrx_word' id='word_1_56' title='bbox 380 1243 431 1290; x_wconf 75' lang='lat' dir='ltr'><strong>in</strong></span> <span class='ocrx_word' id='word_1_57' title='bbox 452 1249 693 1304; x_wconf 74' lang='lat' dir='ltr'><strong>conspectu</strong></span> <span class='ocrx_word' id='word_1_58' title='bbox 710 1247 906 1291; x_wconf 77' lang='lat' dir='ltr'><strong>duorum</strong></span> <span class='ocrx_word' id='word_1_59' title='bbox 927 1245 1236 1302; x_wconf 80' lang='lat' dir='ltr'><strong>exercituum,</strong></span> <span class='ocrx_word' id='word_1_60' title='bbox 1256 1250 1429 1307; x_wconf 71' lang='lat' dir='ltr'><strong>quanto</strong></span> <span class='ocrx_word' id='word_1_61' title='bbox 1449 1245 1666 1306; x_wconf 79' lang='lat' dir='ltr'><strong>gratiora</strong></span> <span class='ocrx_word' id='word_1_62' title='bbox 1697 1245 1988 1309; x_wconf 72' lang='lat' dir='ltr'><strong>Vitellianis,</strong></span> <span class='ocrx_word' id='word_1_63' title='bbox 2011 1251 2144 1294; x_wconf 80' lang='lat' dir='ltr'><strong>tanto</strong></span> <span class='ocrx_word' id='word_1_64' title='bbox 2165 1244 2481 1294; x_wconf 70' lang='lat' dir='ltr'><strong>vehementius</strong></span> 
     </span>
     <span class='ocr_line' id='line_1_10' title="bbox 274 1305 1674 1368; baseline 0.001 -14"><span class='ocrx_word' id='word_1_65' title='bbox 274 1305 534 1356; x_wconf 73' lang='lat' dir='ltr'><strong>Othoniani</strong></span> <span class='ocrx_word' id='word_1_66' title='bbox 554 1322 740 1356; x_wconf 79' lang='lat' dir='ltr'><strong>causam</strong></span> <span class='ocrx_word' id='word_1_67' title='bbox 761 1311 1083 1368; x_wconf 72' lang='lat' dir='ltr'><strong>auctoremque</strong></span> <span class='ocrx_word' id='word_1_68' title='bbox 1101 1309 1250 1358; x_wconf 76' lang='lat' dir='ltr'><strong>eludis</strong></span> <span class='ocrx_word' id='word_1_69' title='bbox 1270 1309 1674 1357; x_wconf 74' lang='lat' dir='ltr'><strong>abominabuntur.</strong></span> 
     </span>
    </p>
   </div>
   <div class='ocr_carea' id='block_1_5' title="bbox 334 1371 2480 1437">
    <p class='ocr_par' dir='ltr' id='par_1_6' title="bbox 334 1371 2480 1437">
     <span class='ocr_line' id='line_1_11' title="bbox 334 1371 2480 1437; baseline 0 -17"><span class='ocrx_word' id='word_1_70' title='bbox 334 1371 404 1420; x_wconf 79' lang='lat' dir='ltr'><strong>Et</strong></span> <span class='ocrx_word' id='word_1_71' title='bbox 442 1375 675 1422; x_wconf 74' lang='lat' dir='ltr'><strong>certamen</strong></span> <span class='ocrx_word' id='word_1_72' title='bbox 714 1373 916 1434; x_wconf 73' lang='lat' dir='ltr'><strong>quidem,</strong></span> <span class='ocrx_word' id='word_1_73' title='bbox 948 1375 1086 1434; x_wconf 74' lang='lat' dir='ltr'><strong>terga</strong></span> <span class='ocrx_word' id='word_1_74' title='bbox 1126 1375 1279 1422; x_wconf 76' lang='lat' dir='ltr'><strong>dando</strong></span> <span class='ocrx_word' id='word_1_75' title='bbox 1312 1379 1601 1436; x_wconf 76' lang='lat' dir='ltr'><strong>separatum,</strong></span> <span class='ocrx_word' id='word_1_76' title='bbox 1639 1373 1856 1422; x_wconf 76' lang='lat' dir='ltr'><strong>abscissis</strong></span> <span class='ocrx_word' id='word_1_77' title='bbox 1891 1374 2118 1437; x_wconf 71' lang='lat' dir='ltr'><strong>navigiis,</strong></span> <span class='ocrx_word' id='word_1_78' title='bbox 2155 1388 2257 1436; x_wconf 69' lang='lat' dir='ltr'><strong>que</strong></span> <span class='ocrx_word' id='word_1_79' title='bbox 2294 1372 2480 1436; x_wconf 74' lang='lat' dir='ltr'><strong>reliqua</strong></span> 
     </span>
    </p>
   </div>
   <div class='ocr_carea' id='block_1_6' title="bbox 268 1578 2482 1704">
    <p class='ocr_par' dir='ltr' id='par_1_7' title="bbox 268 1578 2482 1704">
     <span class='ocr_line' id='line_1_12' title="bbox 268 1578 2482 1646; baseline 0 -17"><span class='ocrx_word' id='word_1_80' title='bbox 268 1579 406 1630; x_wconf 86' lang='lat' dir='ltr'><strong>Bud.</strong></span> <span class='ocrx_word' id='word_1_81' title='bbox 432 1578 557 1644; x_wconf 77' lang='lat' dir='ltr'><strong>Agr.</strong></span> <span class='ocrx_word' id='word_1_82' title='bbox 580 1581 745 1630; x_wconf 87' lang='lat' dir='ltr'><strong>editio</strong></span> <span class='ocrx_word' id='word_1_83' title='bbox 768 1581 1031 1644; x_wconf 86' lang='lat' dir='ltr'><strong>princeps,</strong></span> <span class='ocrx_word' id='word_1_84' title='bbox 1052 1581 1286 1646; x_wconf 84' lang='lat' dir='ltr'><strong>Ryckius</strong></span> <span class='ocrx_word' id='word_1_85' title='bbox 1308 1589 1365 1631; x_wconf 90' lang='lat' dir='ltr'><strong>et</strong></span> <span class='ocrx_word' id='word_1_86' title='bbox 1388 1581 1725 1632; x_wconf 82' lang='lat' dir='ltr'><strong>recentiores.</strong></span> <span class='ocrx_word' id='word_1_87' title='bbox 1780 1582 1842 1630; x_wconf 90' lang='lat' dir='ltr'><strong>In</strong></span> <span class='ocrx_word' id='word_1_88' title='bbox 1867 1582 1997 1630; x_wconf 66' lang='lat' dir='ltr'><strong>Mas.</strong></span> <span class='ocrx_word' id='word_1_89' title='bbox 2018 1579 2171 1630; x_wconf 85' lang='lat' dir='ltr'><strong>Harl.</strong></span> <span class='ocrx_word' id='word_1_90' title='bbox 2195 1579 2349 1629; x_wconf 87' lang='lat' dir='ltr'><strong>Bodl.</strong></span> <span class='ocrx_word' id='word_1_91' title='bbox 2372 1578 2482 1631; x_wconf 81' lang='lat' dir='ltr'><strong>Jes.</strong></span> 
     </span>
     <span class='ocr_line' id='line_1_13' title="bbox 268 1645 933 1704; baseline 0 -12"><span class='ocrx_word' id='word_1_92' title='bbox 268 1652 322 1693; x_wconf 93' lang='lat' dir='ltr'><strong>et</strong></span> <span class='ocrx_word' id='word_1_93' title='bbox 348 1645 683 1704; x_wconf 76' lang='lat' dir='ltr'><strong>Puteotanns,</strong></span> <span class='ocrx_word' id='word_1_94' title='bbox 706 1645 933 1694; x_wconf 75' lang='lat' dir='ltr'><strong>immixti.</strong></span> 
     </span>
    </p>
   </div>
   <div class='ocr_carea' id='block_1_7' title="bbox 265 1707 2482 1966">
    <p class='ocr_par' dir='ltr' id='par_1_8' title="bbox 265 1707 2482 1966">
     <span class='ocr_line' id='line_1_14' title="bbox 335 1707 2482 1774; baseline 0 -18"><span class='ocrx_word' id='word_1_95' title='bbox 335 1713 359 1756; x_wconf 84' lang='lat'>1</span> <span class='ocrx_word' id='word_1_96' title='bbox 397 1709 483 1757; x_wconf 86' lang='lat' dir='ltr'><strong>Ita</strong></span> <span class='ocrx_word' id='word_1_97' title='bbox 508 1709 608 1759; x_wconf 83' lang='lat' dir='ltr'><strong>Ms.</strong></span> <span class='ocrx_word' id='word_1_98' title='bbox 632 1711 761 1772; x_wconf 83' lang='lat' dir='ltr'><strong>Reg.</strong></span> <span class='ocrx_word' id='word_1_99' title='bbox 786 1709 1103 1759; x_wconf 74' lang='lat' dir='ltr'><strong>Puteolanus</strong></span> <span class='ocrx_word' id='word_1_100' title='bbox 1142 1715 1196 1758; x_wconf 87' lang='lat' dir='ltr'><strong>et</strong></span> <span class='ocrx_word' id='word_1_101' title='bbox 1220 1709 1341 1758; x_wconf 87' lang='lat' dir='ltr'><strong>libri</strong></span> <span class='ocrx_word' id='word_1_102' title='bbox 1378 1723 1556 1758; x_wconf 87' lang='lat' dir='ltr'><strong>omnes</strong></span> <span class='ocrx_word' id='word_1_103' title='bbox 1593 1719 1776 1774; x_wconf 82' lang='lat' dir='ltr'><strong>postea</strong></span> <span class='ocrx_word' id='word_1_104' title='bbox 1817 1709 1964 1760; x_wconf 83' lang='lat' dir='ltr'><strong>editi.</strong></span> <span class='ocrx_word' id='word_1_105' title='bbox 2029 1707 2092 1757; x_wconf 90' lang='lat' dir='ltr'><strong>In</strong></span> <span class='ocrx_word' id='word_1_106' title='bbox 2131 1707 2236 1756; x_wconf 85' lang='lat' dir='ltr'><strong>Ms.</strong></span> <span class='ocrx_word' id='word_1_107' title='bbox 2260 1707 2398 1756; x_wconf 84' lang='lat' dir='ltr'><strong>Flor.</strong></span> <span class='ocrx_word' id='word_1_108' title='bbox 2424 1711 2482 1756; x_wconf 77' lang='lat' dir='ltr'><strong>et</strong></span> 
     </span>
     <span class='ocr_line' id='line_1_15' title="bbox 266 1771 2480 1838; baseline 0 -18"><span class='ocrx_word' id='word_1_109' title='bbox 266 1772 497 1822; x_wconf 85' lang='lat' dir='ltr'><strong>editione</strong></span> <span class='ocrx_word' id='word_1_110' title='bbox 542 1775 793 1838; x_wconf 80' lang='lat' dir='ltr'><strong>principe,</strong></span> <span class='ocrx_word' id='word_1_111' title='bbox 834 1776 1062 1837; x_wconf 76' lang='lat' dir='ltr'><strong>muptis.</strong></span> <span class='ocrx_word' id='word_1_112' title='bbox 1146 1773 1301 1822; x_wconf 83' lang='lat' dir='ltr'><strong>Unde</strong></span> <span class='ocrx_word' id='word_1_113' title='bbox 1346 1775 1552 1837; x_wconf 86' lang='lat' dir='ltr'><strong>quidam</strong></span> <span class='ocrx_word' id='word_1_114' title='bbox 1601 1781 1821 1834; x_wconf 81' lang='lat' dir='ltr'><strong>tentant,</strong></span> <span class='ocrx_word' id='word_1_115' title='bbox 1871 1773 2096 1836; x_wconf 78' lang='lat' dir='ltr'><strong>abreptis,</strong></span> <span class='ocrx_word' id='word_1_116' title='bbox 2137 1773 2220 1821; x_wconf 84' lang='lat' dir='ltr'><strong>vel</strong></span> <span class='ocrx_word' id='word_1_117' title='bbox 2256 1771 2480 1834; x_wconf 71' lang='lat' dir='ltr'><strong>arreptis.</strong></span> 
     </span>
     <span class='ocr_line' id='line_1_16' title="bbox 272 1835 2479 1904; baseline -0.001 -18"><span class='ocrx_word' id='word_1_118' title='bbox 272 1838 475 1900; x_wconf 80' lang='lat' dir='ltr'><strong>Nempe</strong></span> <span class='ocrx_word' id='word_1_119' title='bbox 493 1853 705 1900; x_wconf 84' lang='lat' dir='ltr'><strong>quassas</strong></span> <span class='ocrx_word' id='word_1_120' title='bbox 728 1839 953 1887; x_wconf 86' lang='lat' dir='ltr'><strong>nondum</strong></span> <span class='ocrx_word' id='word_1_121' title='bbox 978 1851 1133 1887; x_wconf 80' lang='lat' dir='ltr'><strong>naves</strong></span> <span class='ocrx_word' id='word_1_122' title='bbox 1154 1839 1449 1901; x_wconf 72' lang='lat' dir='ltr'><strong>abripuere,</strong></span> <span class='ocrx_word' id='word_1_123' title='bbox 1473 1839 1552 1886; x_wconf 84' lang='lat' dir='ltr'><strong>vel</strong></span> <span class='ocrx_word' id='word_1_124' title='bbox 1577 1841 1864 1904; x_wconf 77' lang='lat' dir='ltr'><strong>arripuere,</strong></span> <span class='ocrx_word' id='word_1_125' title='bbox 1884 1845 1941 1886; x_wconf 87' lang='lat' dir='ltr'><strong>ut</strong></span> <span class='ocrx_word' id='word_1_126' title='bbox 1958 1836 2214 1899; x_wconf 84' lang='lat' dir='ltr'><strong>fugerent.</strong></span> <span class='ocrx_word' id='word_1_127' title='bbox 2261 1835 2479 1884; x_wconf 76' lang='lat' dir='ltr'><strong>Brots&#39;er.</strong></span> 
     </span>
     <span class='ocr_line' id='line_1_17' title="bbox 265 1899 2480 1966; baseline -0 -16"><span class='ocrx_word' id='word_1_128' title='bbox 265 1905 363 1950; x_wconf 80' lang='lat'><strong>——2</strong></span> <span class='ocrx_word' id='word_1_129' title='bbox 394 1903 541 1951; x_wconf 87' lang='lat' dir='ltr'><strong>Bene</strong></span> <span class='ocrx_word' id='word_1_130' title='bbox 568 1903 670 1952; x_wconf 86' lang='lat' dir='ltr'><strong>Ms.</strong></span> <span class='ocrx_word' id='word_1_131' title='bbox 698 1903 837 1951; x_wconf 87' lang='lat' dir='ltr'><strong>Flor.</strong></span> <span class='ocrx_word' id='word_1_132' title='bbox 862 1901 1025 1952; x_wconf 86' lang='lat' dir='ltr'><strong>editio</strong></span> <span class='ocrx_word' id='word_1_133' title='bbox 1050 1903 1313 1966; x_wconf 84' lang='lat' dir='ltr'><strong>princeps,</strong></span> <span class='ocrx_word' id='word_1_134' title='bbox 1339 1903 1570 1966; x_wconf 79' lang='lat' dir='ltr'><strong>Ryckius</strong></span> <span class='ocrx_word' id='word_1_135' title='bbox 1605 1911 1662 1953; x_wconf 90' lang='lat' dir='ltr'><strong>et</strong></span> <span class='ocrx_word' id='word_1_136' title='bbox 1699 1903 2036 1964; x_wconf 72' lang='lat' dir='ltr'><strong>recentiores,</strong></span> <span class='ocrx_word' id='word_1_137' title='bbox 2057 1905 2350 1964; x_wconf 71' lang='lat' dir='ltr'><strong>supererunt.</strong></span> <span class='ocrx_word' id='word_1_138' title='bbox 2414 1899 2480 1949; x_wconf 90' lang='lat' dir='ltr'><strong>In</strong></span> 
     </span>
    </p>
   </div>
   <div class='ocr_carea' id='block_1_8' title="bbox 1262 2045 1476 2094">
    <p class='ocr_par' dir='ltr' id='par_1_9' title="bbox 1262 2045 1476 2094">
     <span class='ocr_line' id='line_1_18' title="bbox 1262 2045 1476 2094; baseline 0 0"><span class='ocrx_word' id='word_1_139' title='bbox 1262 2045 1476 2094; x_wconf 81' lang='lat' dir='ltr'>NOTAE</span> 
     </span>
    </p>
   </div>
   <div class='ocr_carea' id='block_1_9' title="bbox 261 2158 1343 4361">
    <p class='ocr_par' dir='ltr' id='par_1_10' title="bbox 262 2158 1335 2761">
     <span class='ocr_line' id='line_1_19' title="bbox 268 2158 1332 2224; baseline 0 -16"><span class='ocrx_word' id='word_1_140' title='bbox 268 2165 428 2219; x_wconf 84' lang='lat' dir='ltr'><strong>metu,</strong></span> <span class='ocrx_word' id='word_1_141' title='bbox 450 2163 506 2208; x_wconf 85' lang='lat' dir='ltr'><strong>et</strong></span> <span class='ocrx_word' id='word_1_142' title='bbox 528 2172 595 2208; x_wconf 86' lang='lat' dir='ltr'><strong>ex</strong></span> <span class='ocrx_word' id='word_1_143' title='bbox 618 2158 817 2222; x_wconf 71' lang='lat' dir='ltr'><strong>praelio,</strong></span> <span class='ocrx_word' id='word_1_144' title='bbox 838 2173 900 2208; x_wconf 83' lang='lat' dir='ltr'><strong>ac</strong></span> <span class='ocrx_word' id='word_1_145' title='bbox 939 2159 1060 2208; x_wconf 86' lang='lat' dir='ltr'><strong>telis</strong></span> <span class='ocrx_word' id='word_1_146' title='bbox 1094 2174 1210 2224; x_wconf 77' lang='lat' dir='ltr'><strong>qnoe</strong></span> <span class='ocrx_word' id='word_1_147' title='bbox 1240 2158 1332 2208; x_wconf 88' lang='lat' dir='ltr'><strong>im-</strong></span> 
     </span>
     <span class='ocr_line' id='line_1_20' title="bbox 266 2235 1335 2300; baseline 0 -14"><span class='ocrx_word' id='word_1_148' title='bbox 266 2235 550 2286; x_wconf 85' lang='lat' dir='ltr'><strong>mittebant</strong></span> <span class='ocrx_word' id='word_1_149' title='bbox 571 2236 838 2286; x_wconf 88' lang='lat' dir='ltr'><strong>Germani.</strong></span> <span class='ocrx_word' id='word_1_150' title='bbox 906 2235 1046 2286; x_wconf 84' lang='lat' dir='ltr'><strong>Hinc</strong></span> <span class='ocrx_word' id='word_1_151' title='bbox 1070 2237 1335 2300; x_wconf 85' lang='lat' dir='ltr'><strong>trepidant</strong></span> 
     </span>
     <span class='ocr_line' id='line_1_21' title="bbox 266 2312 1334 2379; baseline 0.002 -19"><span class='ocrx_word' id='word_1_152' title='bbox 266 2312 603 2377; x_wconf 72' lang='lat' dir='ltr'><strong>gladiatores,</strong></span> <span class='ocrx_word' id='word_1_153' title='bbox 639 2319 694 2362; x_wconf 83' lang='lat' dir='ltr'><strong>et</strong></span> <span class='ocrx_word' id='word_1_154' title='bbox 732 2329 799 2363; x_wconf 85' lang='lat' dir='ltr'><strong>ex</strong></span> <span class='ocrx_word' id='word_1_155' title='bbox 840 2313 1190 2379; x_wconf 78' lang='lat' dir='ltr'><strong>trepidatione</strong></span> <span class='ocrx_word' id='word_1_156' title='bbox 1228 2313 1334 2377; x_wconf 84' lang='lat' dir='ltr'><strong>illa,</strong></span> 
     </span>
     <span class='ocr_line' id='line_1_22' title="bbox 266 2390 1333 2441; baseline 0 0"><span class='ocrx_word' id='word_1_157' title='bbox 266 2391 425 2441; x_wconf 79' lang='lat' dir='ltr'><strong>variae</strong></span> <span class='ocrx_word' id='word_1_158' title='bbox 470 2391 664 2441; x_wconf 81' lang='lat' dir='ltr'><strong>fiebant</strong></span> <span class='ocrx_word' id='word_1_159' title='bbox 710 2390 1071 2440; x_wconf 75' lang='lat' dir='ltr'><strong>inclinationes</strong></span> <span class='ocrx_word' id='word_1_160' title='bbox 1126 2393 1333 2441; x_wconf 77' lang='lat' dir='ltr'><strong>navium</strong></span> 
     </span>
     <span class='ocr_line' id='line_1_23' title="bbox 262 2469 1332 2535; baseline 0.002 -17"><span class='ocrx_word' id='word_1_161' title='bbox 262 2470 641 2534; x_wconf 86' lang='lat' dir='ltr'><strong>hominumque.</strong></span> <span class='ocrx_word' id='word_1_162' title='bbox 696 2469 835 2519; x_wconf 76' lang='lat' dir='ltr'><strong>Hinc</strong></span> <span class='ocrx_word' id='word_1_163' title='bbox 858 2471 1080 2533; x_wconf 75' lang='lat' dir='ltr'><strong>remiges</strong></span> <span class='ocrx_word' id='word_1_164' title='bbox 1104 2485 1332 2535; x_wconf 88' lang='lat' dir='ltr'><strong>pugnan-</strong></span> 
     </span>
     <span class='ocr_line' id='line_1_24' title="bbox 265 2546 1331 2610; baseline 0.001 -16"><span class='ocrx_word' id='word_1_165' title='bbox 265 2546 405 2595; x_wconf 80' lang='lat' dir='ltr'><strong>tibus</strong></span> <span class='ocrx_word' id='word_1_166' title='bbox 442 2546 661 2595; x_wconf 82' lang='lat' dir='ltr'><strong>immixti</strong></span> <span class='ocrx_word' id='word_1_167' title='bbox 694 2546 991 2606; x_wconf 83' lang='lat' dir='ltr'><strong>turbantur,</strong></span> <span class='ocrx_word' id='word_1_168' title='bbox 1026 2546 1145 2595; x_wconf 83' lang='lat' dir='ltr'><strong>hinc</strong></span> <span class='ocrx_word' id='word_1_169' title='bbox 1184 2547 1331 2610; x_wconf 83' lang='lat' dir='ltr'><strong>plura</strong></span> 
     </span>
     <span class='ocr_line' id='line_1_25' title="bbox 266 2620 1332 2684; baseline 0.002 -15"><span class='ocrx_word' id='word_1_170' title='bbox 266 2620 461 2670; x_wconf 84' lang='lat' dir='ltr'><strong>audent</strong></span> <span class='ocrx_word' id='word_1_171' title='bbox 484 2621 753 2680; x_wconf 79' lang='lat' dir='ltr'><strong>Germani,</strong></span> <span class='ocrx_word' id='word_1_172' title='bbox 765 2631 822 2671; x_wconf 87' lang='lat' dir='ltr'><strong>et</strong></span> <span class='ocrx_word' id='word_1_173' title='bbox 844 2621 1056 2684; x_wconf 79' lang='lat' dir='ltr'><strong>propius</strong></span> <span class='ocrx_word' id='word_1_174' title='bbox 1080 2621 1332 2671; x_wconf 85' lang='lat' dir='ltr'><strong>invadunt</strong></span> 
     </span>
     <span class='ocr_line' id='line_1_26' title="bbox 262 2695 885 2761; baseline 0.003 -16"><span class='ocrx_word' id='word_1_175' title='bbox 262 2709 423 2745; x_wconf 85' lang='lat' dir='ltr'><strong>naves</strong></span> <span class='ocrx_word' id='word_1_176' title='bbox 449 2695 885 2761; x_wconf 71' lang='lat' dir='ltr'><strong>gladiatoresque.</strong></span> 
     </span>
    </p>

    <p class='ocr_par' dir='ltr' id='par_1_11' title="bbox 261 2769 1333 3140">
     <span class='ocr_line' id='line_1_27' title="bbox 324 2769 1331 2835; baseline 0.002 -14"><span class='ocrx_word' id='word_1_177' title='bbox 324 2769 343 2813; x_wconf 71' lang='lat' dir='ltr'>J</span> <span class='ocrx_word' id='word_1_178' title='bbox 376 2771 612 2821; x_wconf 77' lang='lat' dir='ltr'><strong>Scandere</strong></span> <span class='ocrx_word' id='word_1_179' title='bbox 620 2772 781 2835; x_wconf 84' lang='lat' dir='ltr'><strong>foros]</strong></span> <span class='ocrx_word' id='word_1_180' title='bbox 816 2772 933 2821; x_wconf 83' lang='lat' dir='ltr'><strong>Fori</strong></span> <span class='ocrx_word' id='word_1_181' title='bbox 956 2779 1076 2823; x_wconf 85' lang='lat' dir='ltr'><strong>sunt</strong></span> <span class='ocrx_word' id='word_1_182' title='bbox 1094 2773 1331 2823; x_wconf 83' lang='lat' dir='ltr'><strong>tabulata</strong></span> 
     </span>
     <span class='ocr_line' id='line_1_28' title="bbox 261 2847 1332 2914; baseline 0.003 -17"><span class='ocrx_word' id='word_1_183' title='bbox 261 2848 319 2897; x_wconf 89' lang='lat' dir='ltr'><strong>in</strong></span> <span class='ocrx_word' id='word_1_184' title='bbox 356 2848 495 2911; x_wconf 84' lang='lat' dir='ltr'><strong>navi,</strong></span> <span class='ocrx_word' id='word_1_185' title='bbox 530 2848 713 2914; x_wconf 89' lang='lat' dir='ltr'><strong>quibus</strong></span> <span class='ocrx_word' id='word_1_186' title='bbox 752 2847 989 2897; x_wconf 83' lang='lat' dir='ltr'><strong>feruntur</strong></span> <span class='ocrx_word' id='word_1_187' title='bbox 1025 2856 1196 2899; x_wconf 67' lang='lat' dir='ltr'><strong>nauta</strong></span> <span class='ocrx_word' id='word_1_188' title='bbox 1238 2864 1332 2914; x_wconf 85' lang='lat' dir='ltr'><strong>per</strong></span> 
     </span>
     <span class='ocr_line' id='line_1_29' title="bbox 264 2924 1333 2976; baseline 0.002 -2"><span class='ocrx_word' id='word_1_189' title='bbox 264 2924 457 2976; x_wconf 81' lang='lat' dir='ltr'><strong>navim.</strong></span> <span class='ocrx_word' id='word_1_190' title='bbox 525 2926 633 2975; x_wconf 91' lang='lat' dir='ltr'><strong>Cic.</strong></span> <span class='ocrx_word' id='word_1_191' title='bbox 676 2926 743 2974; x_wconf 88' lang='lat' dir='ltr'><strong>de</strong></span> <span class='ocrx_word' id='word_1_192' title='bbox 780 2932 975 2975; x_wconf 86' lang='lat' dir='ltr'><strong>semet:</strong></span> <span class='ocrx_word' id='word_1_193' title='bbox 1027 2928 1043 2955; x_wconf 86' lang='lat'>‘</span> <span class='ocrx_word' id='word_1_194' title='bbox 1070 2926 1199 2976; x_wconf 89' lang='lat' dir='ltr'><strong>Cum</strong></span> <span class='ocrx_word' id='word_1_195' title='bbox 1242 2926 1333 2976; x_wconf 86' lang='lat' dir='ltr'><strong>alii</strong></span> 
     </span>
     <span class='ocr_line' id='line_1_30' title="bbox 266 2998 1333 3063; baseline 0 -14"><span class='ocrx_word' id='word_1_196' title='bbox 266 3000 425 3049; x_wconf 78' lang='lat' dir='ltr'><strong>malos</strong></span> <span class='ocrx_word' id='word_1_197' title='bbox 460 3001 733 3063; x_wconf 83' lang='lat' dir='ltr'><strong>scandunt,</strong></span> <span class='ocrx_word' id='word_1_198' title='bbox 758 3001 844 3049; x_wconf 87' lang='lat' dir='ltr'><strong>alii</strong></span> <span class='ocrx_word' id='word_1_199' title='bbox 878 3014 973 3063; x_wconf 88' lang='lat' dir='ltr'><strong>per</strong></span> <span class='ocrx_word' id='word_1_200' title='bbox 1000 2998 1141 3051; x_wconf 83' lang='lat' dir='ltr'><strong>foros</strong></span> <span class='ocrx_word' id='word_1_201' title='bbox 1172 3001 1333 3051; x_wconf 85' lang='lat' dir='ltr'><strong>cursi-</strong></span> 
     </span>
     <span class='ocr_line' id='line_1_31' title="bbox 268 3076 697 3140; baseline 0.002 -16"><span class='ocrx_word' id='word_1_202' title='bbox 268 3076 419 3125; x_wconf 62' lang='lat' dir='ltr'><strong>tant?</strong></span> <span class='ocrx_word' id='word_1_203' title='bbox 461 3076 697 3140; x_wconf 69' lang='lat' dir='ltr'><strong>Lupones.</strong></span> 
     </span>
    </p>

    <p class='ocr_par' dir='ltr' id='par_1_12' title="bbox 268 3150 1335 3520">
     <span class='ocr_line' id='line_1_32' title="bbox 332 3150 1333 3218; baseline 0.003 -18"><span class='ocrx_word' id='word_1_204' title='bbox 332 3150 356 3183; x_wconf 73' lang='lat'><strong>¹⁶</strong></span> <span class='ocrx_word' id='word_1_205' title='bbox 389 3151 448 3201; x_wconf 76' lang='lat' dir='ltr'><strong>In</strong></span> <span class='ocrx_word' id='word_1_206' title='bbox 470 3154 615 3203; x_wconf 79' lang='lat' dir='ltr'><strong>oculis</strong></span> <span class='ocrx_word' id='word_1_207' title='bbox 634 3153 878 3216; x_wconf 69' lang='lat' dir='ltr'><strong>utriusque</strong></span> <span class='ocrx_word' id='word_1_208' title='bbox 898 3153 1158 3218; x_wconf 71' lang='lat' dir='ltr'><strong>exercitus]</strong></span> <span class='ocrx_word' id='word_1_209' title='bbox 1193 3154 1333 3205; x_wconf 82' lang='lat' dir='ltr'><strong>Quo-</strong></span> 
     </span>
     <span class='ocr_line' id='line_1_33' title="bbox 268 3229 1333 3291; baseline 0.001 -14"><span class='ocrx_word' id='word_1_210' title='bbox 268 3242 379 3278; x_wconf 80' lang='lat' dir='ltr'><strong>rum</strong></span> <span class='ocrx_word' id='word_1_211' title='bbox 420 3229 554 3277; x_wconf 84' lang='lat' dir='ltr'><strong>alter</strong></span> <span class='ocrx_word' id='word_1_212' title='bbox 596 3229 831 3291; x_wconf 87' lang='lat' dir='ltr'><strong>proxima</strong></span> <span class='ocrx_word' id='word_1_213' title='bbox 874 3229 1129 3279; x_wconf 85' lang='lat' dir='ltr'><strong>Bedriaco</strong></span> <span class='ocrx_word' id='word_1_214' title='bbox 1161 3238 1333 3279; x_wconf 82' lang='lat' dir='ltr'><strong>castra</strong></span> 
     </span>
     <span class='ocr_line' id='line_1_34' title="bbox 268 3303 1335 3368; baseline 0.002 -16"><span class='ocrx_word' id='word_1_215' title='bbox 268 3303 511 3366; x_wconf 81' lang='lat' dir='ltr'><strong>habebat,</strong></span> <span class='ocrx_word' id='word_1_216' title='bbox 532 3306 667 3353; x_wconf 84' lang='lat' dir='ltr'><strong>alter</strong></span> <span class='ocrx_word' id='word_1_217' title='bbox 682 3303 981 3353; x_wconf 80' lang='lat' dir='ltr'><strong>faventibus</strong></span> <span class='ocrx_word' id='word_1_218' title='bbox 998 3305 1115 3354; x_wconf 84' lang='lat' dir='ltr'><strong>huic</strong></span> <span class='ocrx_word' id='word_1_219' title='bbox 1140 3306 1335 3368; x_wconf 88' lang='lat' dir='ltr'><strong>opinio-</strong></span> 
     </span>
     <span class='ocr_line' id='line_1_35' title="bbox 269 3380 1335 3443; baseline 0.004 -14"><span class='ocrx_word' id='word_1_220' title='bbox 269 3382 323 3429; x_wconf 86' lang='lat' dir='ltr'><strong>ni</strong></span> <span class='ocrx_word' id='word_1_221' title='bbox 349 3381 681 3443; x_wconf 73' lang='lat' dir='ltr'><strong>conjecturiS,</strong></span> <span class='ocrx_word' id='word_1_222' title='bbox 704 3380 991 3443; x_wconf 81' lang='lat' dir='ltr'><strong>Cremonae,</strong></span> <span class='ocrx_word' id='word_1_223' title='bbox 1026 3382 1335 3433; x_wconf 88' lang='lat' dir='ltr'><strong>intermedio</strong></span> 
     </span>
     <span class='ocr_line' id='line_1_36' title="bbox 270 3456 1253 3520; baseline 0.004 -17"><span class='ocrx_word' id='word_1_224' title='bbox 270 3456 452 3517; x_wconf 79' lang='lat' dir='ltr'><strong>viginti</strong></span> <span class='ocrx_word' id='word_1_225' title='bbox 473 3457 771 3507; x_wconf 85' lang='lat' dir='ltr'><strong>milliarium</strong></span> <span class='ocrx_word' id='word_1_226' title='bbox 796 3458 981 3520; x_wconf 83' lang='lat' dir='ltr'><strong>spatio.</strong></span> <span class='ocrx_word' id='word_1_227' title='bbox 1026 3458 1253 3507; x_wconf 68' lang='lat' dir='ltr'><strong>Sat-ilius.</strong></span> 
     </span>
    </p>

    <p class='ocr_par' dir='ltr' id='par_1_13' title="bbox 261 3530 1343 4361">
     <span class='ocr_line' id='line_1_37' title="bbox 334 3530 1333 3597; baseline 0.003 -16"><span class='ocrx_word' id='word_1_228' title='bbox 334 3530 347 3563; x_wconf 83' lang='lat'><strong>¹</strong></span> <span class='ocrx_word' id='word_1_229' title='bbox 379 3532 610 3596; x_wconf 74' lang='lat' dir='ltr'><strong>Abruptis</strong></span> <span class='ocrx_word' id='word_1_230' title='bbox 644 3549 749 3596; x_wconf 79' lang='lat' dir='ltr'><strong>quoe</strong></span> <span class='ocrx_word' id='word_1_231' title='bbox 789 3532 1143 3597; x_wconf 62' lang='lat' dir='ltr'><strong>superfuerant]</strong></span> <span class='ocrx_word' id='word_1_232' title='bbox 1194 3536 1333 3585; x_wconf 87' lang='lat' dir='ltr'><strong>Flor.</strong></span> 
     </span>
     <span class='ocr_line' id='line_1_38' title="bbox 266 3611 1336 3675; baseline 0.003 -16"><span class='ocrx_word' id='word_1_233' title='bbox 266 3616 559 3673; x_wconf 71' lang='lat' dir='ltr'><strong>super-emat.</strong></span> <span class='ocrx_word' id='word_1_234' title='bbox 624 3611 731 3660; x_wconf 89' lang='lat' dir='ltr'><strong>Sed</strong></span> <span class='ocrx_word' id='word_1_235' title='bbox 772 3611 1030 3675; x_wconf 84' lang='lat' dir='ltr'><strong>quomodo</strong></span> <span class='ocrx_word' id='word_1_236' title='bbox 1068 3612 1336 3675; x_wconf 82' lang='lat' dir='ltr'><strong>superfue-</strong></span> 
     </span>
     <span class='ocr_line' id='line_1_39' title="bbox 272 3686 1335 3753; baseline 0.005 -20"><span class='ocrx_word' id='word_1_237' title='bbox 272 3694 391 3735; x_wconf 86' lang='lat' dir='ltr'><strong>rant</strong></span> <span class='ocrx_word' id='word_1_238' title='bbox 428 3701 608 3748; x_wconf 85' lang='lat' dir='ltr'><strong>naves,</strong></span> <span class='ocrx_word' id='word_1_239' title='bbox 646 3689 689 3736; x_wconf 88' lang='lat' dir='ltr'><strong>si</strong></span> <span class='ocrx_word' id='word_1_240' title='bbox 732 3686 915 3737; x_wconf 86' lang='lat' dir='ltr'><strong>iisdem</strong></span> <span class='ocrx_word' id='word_1_241' title='bbox 952 3687 1199 3753; x_wconf 85' lang='lat' dir='ltr'><strong>fugerunt</strong></span> <span class='ocrx_word' id='word_1_242' title='bbox 1230 3690 1335 3752; x_wconf 83' lang='lat' dir='ltr'><strong>gla-</strong></span> 
     </span>
     <span class='ocr_line' id='line_1_40' title="bbox 269 3760 1334 3825; baseline 0.003 -15"><span class='ocrx_word' id='word_1_243' title='bbox 269 3760 517 3823; x_wconf 83' lang='lat' dir='ltr'><strong>diatores,</strong></span> <span class='ocrx_word' id='word_1_244' title='bbox 570 3762 755 3825; x_wconf 82' lang='lat' dir='ltr'><strong>quibus</strong></span> <span class='ocrx_word' id='word_1_245' title='bbox 812 3766 1122 3813; x_wconf 81' lang='lat' dir='ltr'><strong>transvecti?</strong></span> <span class='ocrx_word' id='word_1_246' title='bbox 1205 3765 1334 3816; x_wconf 79' lang='lat' dir='ltr'><strong>Quis</strong></span> 
     </span>
     <span class='ocr_line' id='line_1_41' title="bbox 272 3839 1338 3903; baseline 0.007 -18"><span class='ocrx_word' id='word_1_247' title='bbox 272 3852 395 3886; x_wconf 81' lang='lat' dir='ltr'><strong>vero</strong></span> <span class='ocrx_word' id='word_1_248' title='bbox 432 3839 661 3902; x_wconf 82' lang='lat' dir='ltr'><strong>abrupit,</strong></span> <span class='ocrx_word' id='word_1_249' title='bbox 697 3840 1009 3901; x_wconf 76' lang='lat' dir='ltr'><strong>victoresne,</strong></span> <span class='ocrx_word' id='word_1_250' title='bbox 1043 3857 1107 3889; x_wconf 88' lang='lat' dir='ltr'><strong>an</strong></span> <span class='ocrx_word' id='word_1_251' title='bbox 1144 3842 1338 3903; x_wconf 79' lang='lat' dir='ltr'><strong>gladia·</strong></span> 
     </span>
     <span class='ocr_line' id='line_1_42' title="bbox 272 3916 1338 3980; baseline 0.006 -17"><span class='ocrx_word' id='word_1_252' title='bbox 272 3916 443 3963; x_wconf 85' lang='lat' dir='ltr'><strong>tores?</strong></span> <span class='ocrx_word' id='word_1_253' title='bbox 494 3916 679 3964; x_wconf 90' lang='lat' dir='ltr'><strong>Nonne</strong></span> <span class='ocrx_word' id='word_1_254' title='bbox 724 3918 954 3980; x_wconf 86' lang='lat' dir='ltr'><strong>utrisque</strong></span> <span class='ocrx_word' id='word_1_255' title='bbox 1000 3918 1178 3969; x_wconf 79' lang='lat' dir='ltr'><strong>utilius</strong></span> <span class='ocrx_word' id='word_1_256' title='bbox 1221 3935 1338 3969; x_wconf 84' lang='lat' dir='ltr'><strong>ave·</strong></span> 
     </span>
     <span class='ocr_line' id='line_1_43' title="bbox 266 3990 1335 4057; baseline 0.007 -18"><span class='ocrx_word' id='word_1_257' title='bbox 266 3990 426 4041; x_wconf 82' lang='lat' dir='ltr'><strong>bere?</strong></span> <span class='ocrx_word' id='word_1_258' title='bbox 460 3991 725 4055; x_wconf 84' lang='lat' dir='ltr'><strong>Intelligo,</strong></span> <span class='ocrx_word' id='word_1_259' title='bbox 744 3992 1001 4041; x_wconf 85' lang='lat' dir='ltr'><strong>desertam</strong></span> <span class='ocrx_word' id='word_1_260' title='bbox 1034 4010 1065 4042; x_wconf 92' lang='lat' dir='ltr'><strong>a</strong></span> <span class='ocrx_word' id='word_1_261' title='bbox 1087 3996 1335 4057; x_wconf 78' lang='lat' dir='ltr'><strong>gladiato-</strong></span> 
     </span>
     <span class='ocr_line' id='line_1_44' title="bbox 270 4067 1337 4133; baseline 0.005 -16"><span class='ocrx_word' id='word_1_262' title='bbox 270 4067 433 4131; x_wconf 82' lang='lat' dir='ltr'><strong>ribus,</strong></span> <span class='ocrx_word' id='word_1_263' title='bbox 466 4083 567 4119; x_wconf 85' lang='lat' dir='ltr'><strong>non</strong></span> <span class='ocrx_word' id='word_1_264' title='bbox 604 4070 767 4119; x_wconf 77' lang='lat' dir='ltr'><strong>solutu</strong></span> <span class='ocrx_word' id='word_1_265' title='bbox 804 4071 1045 4133; x_wconf 84' lang='lat' dir='ltr'><strong>insulam,</strong></span> <span class='ocrx_word' id='word_1_266' title='bbox 1078 4074 1169 4121; x_wconf 82' lang='lat' dir='ltr'><strong>sed</strong></span> <span class='ocrx_word' id='word_1_267' title='bbox 1198 4082 1253 4122; x_wconf 85' lang='lat' dir='ltr'><strong>et</strong></span> <span class='ocrx_word' id='word_1_268' title='bbox 1274 4074 1337 4121; x_wconf 81' lang='lat' dir='ltr'><strong>ri-</strong></span> 
     </span>
     <span class='ocr_line' id='line_1_45' title="bbox 270 4146 1339 4213; baseline 0.006 -20"><span class='ocrx_word' id='word_1_269' title='bbox 270 4158 392 4207; x_wconf 82' lang='lat' dir='ltr'><strong>pam</strong></span> <span class='ocrx_word' id='word_1_270' title='bbox 434 4159 585 4209; x_wconf 85' lang='lat' dir='ltr'><strong>qnam</strong></span> <span class='ocrx_word' id='word_1_271' title='bbox 626 4146 953 4205; x_wconf 80' lang='lat' dir='ltr'><strong>obtinebant,</strong></span> <span class='ocrx_word' id='word_1_272' title='bbox 982 4148 1339 4213; x_wconf 77' lang='lat' dir='ltr'><strong>abruptasqne</strong></span> 
     </span>
     <span class='ocr_line' id='line_1_46' title="bbox 261 4219 1340 4286; baseline 0.006 -17"><span class='ocrx_word' id='word_1_273' title='bbox 261 4219 339 4279; x_wconf 75' lang='lat' dir='ltr'><strong>‚ab</strong></span> <span class='ocrx_word' id='word_1_274' title='bbox 362 4220 487 4283; x_wconf 81' lang='lat' dir='ltr'><strong>ipsis</strong></span> <span class='ocrx_word' id='word_1_275' title='bbox 510 4235 685 4284; x_wconf 83' lang='lat' dir='ltr'><strong>naves,</strong></span> <span class='ocrx_word' id='word_1_276' title='bbox 709 4229 952 4286; x_wconf 84' lang='lat' dir='ltr'><strong>tanquam</strong></span> <span class='ocrx_word' id='word_1_277' title='bbox 978 4223 1091 4273; x_wconf 88' lang='lat' dir='ltr'><strong>usui</strong></span> <span class='ocrx_word' id='word_1_278' title='bbox 1114 4224 1215 4274; x_wconf 85' lang='lat' dir='ltr'><strong>sibi</strong></span> <span class='ocrx_word' id='word_1_279' title='bbox 1237 4240 1340 4275; x_wconf 84' lang='lat' dir='ltr'><strong>am-</strong></span> 
     </span>
     <span class='ocr_line' id='line_1_47' title="bbox 271 4297 1343 4361; baseline 0.006 -15"><span class='ocrx_word' id='word_1_280' title='bbox 271 4298 407 4361; x_wconf 87' lang='lat' dir='ltr'><strong>plius</strong></span> <span class='ocrx_word' id='word_1_281' title='bbox 432 4312 535 4347; x_wconf 88' lang='lat' dir='ltr'><strong>non</strong></span> <span class='ocrx_word' id='word_1_282' title='bbox 564 4297 803 4361; x_wconf 82' lang='lat' dir='ltr'><strong>futuras3</strong></span> <span class='ocrx_word' id='word_1_283' title='bbox 838 4306 977 4350; x_wconf 86' lang='lat' dir='ltr'><strong>etue</strong></span> <span class='ocrx_word' id='word_1_284' title='bbox 1008 4300 1243 4352; x_wconf 80' lang='lat' dir='ltr'><strong>hostibus</strong></span> <span class='ocrx_word' id='word_1_285' title='bbox 1262 4316 1343 4352; x_wconf 86' lang='lat' dir='ltr'><strong>es·</strong></span> 
     </span>
    </p>
   </div>
   <div class='ocr_carea' id='block_1_10' title="bbox 1408 2164 2492 4362">
    <p class='ocr_par' dir='ltr' id='par_1_14' title="bbox 1410 2164 1547 2209">
     <span class='ocr_line' id='line_1_48' title="bbox 1410 2164 1547 2209; baseline 0.007 -1"><span class='ocrx_word' id='word_1_286' title='bbox 1410 2164 1547 2209; x_wconf 89' lang='lat' dir='ltr'><strong>sent.</strong></span> 
     </span>
    </p>

    <p class='ocr_par' dir='ltr' id='par_1_15' title="bbox 1408 2229 2484 2981">
     <span class='ocr_line' id='line_1_49' title="bbox 1477 2229 2480 2298; baseline -0.002 -15"><span class='ocrx_word' id='word_1_287' title='bbox 1477 2236 1745 2298; x_wconf 79' lang='lat' dir='ltr'><strong>Fugerunt</strong></span> <span class='ocrx_word' id='word_1_288' title='bbox 1782 2233 1978 2298; x_wconf 84' lang='lat' dir='ltr'><strong>itaque,</strong></span> <span class='ocrx_word' id='word_1_289' title='bbox 2016 2237 2072 2282; x_wconf 88' lang='lat' dir='ltr'><strong>ut</strong></span> <span class='ocrx_word' id='word_1_290' title='bbox 2108 2229 2338 2294; x_wconf 83' lang='lat' dir='ltr'><strong>videtur,</strong></span> <span class='ocrx_word' id='word_1_291' title='bbox 2375 2243 2480 2281; x_wconf 86' lang='lat' dir='ltr'><strong>non</strong></span> 
     </span>
     <span class='ocr_line' id='line_1_50' title="bbox 1410 2307 2480 2375; baseline -0.003 -15"><span class='ocrx_word' id='word_1_292' title='bbox 1410 2309 1642 2375; x_wconf 86' lang='lat' dir='ltr'><strong>flumine,</strong></span> <span class='ocrx_word' id='word_1_293' title='bbox 1665 2310 1757 2362; x_wconf 82' lang='lat' dir='ltr'><strong>sed</strong></span> <span class='ocrx_word' id='word_1_294' title='bbox 1782 2318 1936 2360; x_wconf 85' lang='lat' dir='ltr'><strong>terra.</strong></span> <span class='ocrx_word' id='word_1_295' title='bbox 1989 2309 2102 2358; x_wconf 90' lang='lat' dir='ltr'><strong>Nec</strong></span> <span class='ocrx_word' id='word_1_296' title='bbox 2126 2308 2322 2366; x_wconf 83' lang='lat' dir='ltr'><strong>obstat,</strong></span> <span class='ocrx_word' id='word_1_297' title='bbox 2338 2307 2480 2371; x_wconf 83' lang='lat' dir='ltr'><strong>qnod</strong></span> 
     </span>
     <span class='ocr_line' id='line_1_51' title="bbox 1414 2384 2482 2451; baseline -0.003 -14"><span class='ocrx_word' id='word_1_298' title='bbox 1414 2387 1549 2438; x_wconf 81' lang='lat' dir='ltr'><strong>infra</strong></span> <span class='ocrx_word' id='word_1_299' title='bbox 1583 2390 1634 2437; x_wconf 88' lang='lat' dir='ltr'><strong>in</strong></span> <span class='ocrx_word' id='word_1_300' title='bbox 1673 2389 1786 2451; x_wconf 85' lang='lat' dir='ltr'><strong>ipso</strong></span> <span class='ocrx_word' id='word_1_301' title='bbox 1829 2386 2012 2451; x_wconf 83' lang='lat' dir='ltr'><strong>praelio</strong></span> <span class='ocrx_word' id='word_1_302' title='bbox 2046 2390 2251 2434; x_wconf 77' lang='lat' dir='ltr'><strong>constat</strong></span> <span class='ocrx_word' id='word_1_303' title='bbox 2283 2384 2482 2449; x_wconf 84' lang='lat' dir='ltr'><strong>gladia-</strong></span> 
     </span>
     <span class='ocr_line' id='line_1_52' title="bbox 1414 2458 2483 2525; baseline -0.004 -10"><span class='ocrx_word' id='word_1_304' title='bbox 1414 2467 1613 2515; x_wconf 88' lang='lat' dir='ltr'><strong>toribus</strong></span> <span class='ocrx_word' id='word_1_305' title='bbox 1634 2464 1792 2515; x_wconf 80' lang='lat' dir='ltr'><strong>fuisse</strong></span> <span class='ocrx_word' id='word_1_306' title='bbox 1813 2478 1991 2525; x_wconf 85' lang='lat' dir='ltr'><strong>naves,</strong></span> <span class='ocrx_word' id='word_1_307' title='bbox 2012 2478 2128 2512; x_wconf 89' lang='lat' dir='ltr'><strong>cum</strong></span> <span class='ocrx_word' id='word_1_308' title='bbox 2153 2461 2325 2522; x_wconf 85' lang='lat' dir='ltr'><strong>dicat;</strong></span> <span class='ocrx_word' id='word_1_309' title='bbox 2365 2461 2381 2489; x_wconf 90' lang='lat'>‘</span> <span class='ocrx_word' id='word_1_310' title='bbox 2405 2458 2483 2511; x_wconf 82' lang='lat' dir='ltr'><strong>fu·</strong></span> 
     </span>
     <span class='ocr_line' id='line_1_53' title="bbox 1414 2539 2481 2606; baseline -0.002 -15"><span class='ocrx_word' id='word_1_311' title='bbox 1414 2557 1474 2591; x_wconf 83' lang='lat' dir='ltr'><strong>sa</strong></span> <span class='ocrx_word' id='word_1_312' title='bbox 1497 2542 1834 2605; x_wconf 81' lang='lat' dir='ltr'><strong>gladiatorum</strong></span> <span class='ocrx_word' id='word_1_313' title='bbox 1875 2558 2047 2604; x_wconf 87' lang='lat' dir='ltr'><strong>manu,</strong></span> <span class='ocrx_word' id='word_1_314' title='bbox 2066 2556 2240 2606; x_wconf 86' lang='lat' dir='ltr'><strong>quam,</strong></span> <span class='ocrx_word' id='word_1_315' title='bbox 2263 2539 2481 2589; x_wconf 82' lang='lat' dir='ltr'><strong>navibus</strong></span> 
     </span>
     <span class='ocr_line' id='line_1_54' title="bbox 1412 2615 2483 2681; baseline -0.002 -16"><span class='ocrx_word' id='word_1_316' title='bbox 1412 2623 1786 2680; x_wconf 83' lang='lat' dir='ltr'><strong>transvectam,</strong></span> <span class='ocrx_word' id='word_1_317' title='bbox 1829 2618 2084 2681; x_wconf 73' lang='lat' dir='ltr'><strong>oppositae</strong></span> <span class='ocrx_word' id='word_1_318' title='bbox 2130 2618 2374 2666; x_wconf 82' lang='lat' dir='ltr'><strong>cohortes</strong></span> <span class='ocrx_word' id='word_1_319' title='bbox 2427 2615 2483 2663; x_wconf 85' lang='lat' dir='ltr'><strong>in</strong></span> 
     </span>
     <span class='ocr_line' id='line_1_55' title="bbox 1410 2693 2483 2758; baseline -0.002 -16"><span class='ocrx_word' id='word_1_320' title='bbox 1410 2695 1526 2758; x_wconf 88' lang='lat' dir='ltr'><strong>ipso</strong></span> <span class='ocrx_word' id='word_1_321' title='bbox 1545 2693 1754 2744; x_wconf 82' lang='lat' dir='ltr'><strong>flumine</strong></span> <span class='ocrx_word' id='word_1_322' title='bbox 1773 2693 2195 2743; x_wconf 67' lang='lat' dir='ltr'><strong>trucidaverant!</strong></span> <span class='ocrx_word' id='word_1_323' title='bbox 2222 2693 2354 2742; x_wconf 82' lang='lat' dir='ltr'><strong>Nam</strong></span> <span class='ocrx_word' id='word_1_324' title='bbox 2371 2706 2483 2741; x_wconf 88' lang='lat' dir='ltr'><strong>cre-</strong></span> 
     </span>
     <span class='ocr_line' id='line_1_56' title="bbox 1408 2769 2480 2833; baseline 0 -14"><span class='ocrx_word' id='word_1_325' title='bbox 1408 2770 1636 2819; x_wconf 86' lang='lat' dir='ltr'><strong>dendum</strong></span> <span class='ocrx_word' id='word_1_326' title='bbox 1660 2777 1763 2833; x_wconf 85' lang='lat' dir='ltr'><strong>est,</strong></span> <span class='ocrx_word' id='word_1_327' title='bbox 1787 2771 1991 2833; x_wconf 81' lang='lat' dir='ltr'><strong>utrique</strong></span> <span class='ocrx_word' id='word_1_328' title='bbox 2029 2769 2286 2819; x_wconf 80' lang='lat' dir='ltr'><strong>exercitui</strong></span> <span class='ocrx_word' id='word_1_329' title='bbox 2323 2782 2480 2819; x_wconf 83' lang='lat' dir='ltr'><strong>naves</strong></span> 
     </span>
     <span class='ocr_line' id='line_1_57' title="bbox 1412 2842 2484 2907; baseline -0.002 -13"><span class='ocrx_word' id='word_1_330' title='bbox 1412 2861 1514 2895; x_wconf 90' lang='lat' dir='ltr'><strong>non</strong></span> <span class='ocrx_word' id='word_1_331' title='bbox 1537 2844 1784 2905; x_wconf 79' lang='lat' dir='ltr'><strong>defuisse,</strong></span> <span class='ocrx_word' id='word_1_332' title='bbox 1807 2845 1857 2895; x_wconf 88' lang='lat' dir='ltr'><strong>in</strong></span> <span class='ocrx_word' id='word_1_333' title='bbox 1882 2860 1974 2894; x_wconf 85' lang='lat' dir='ltr'><strong>sua</strong></span> <span class='ocrx_word' id='word_1_334' title='bbox 1997 2845 2184 2907; x_wconf 85' lang='lat' dir='ltr'><strong>cuique</strong></span> <span class='ocrx_word' id='word_1_335' title='bbox 2210 2844 2337 2906; x_wconf 84' lang='lat' dir='ltr'><strong>ripa.</strong></span> <span class='ocrx_word' id='word_1_336' title='bbox 2393 2842 2484 2892; x_wconf 70' lang='lat' dir='ltr'><strong>Pi-</strong></span> 
     </span>
     <span class='ocr_line' id='line_1_58' title="bbox 1411 2924 2221 2981; baseline -0.005 -9"><span class='ocrx_word' id='word_1_337' title='bbox 1411 2924 1576 2972; x_wconf 74' lang='lat' dir='ltr'><strong>cltenu.</strong></span> <span class='ocrx_word' id='word_1_338' title='bbox 2203 2968 2221 2981; x_wconf 79' lang='grc'><em>,</em></span> 
     </span>
    </p>

    <p class='ocr_par' dir='ltr' id='par_1_16' title="bbox 1411 2994 2490 3433">
     <span class='ocr_line' id='line_1_59' title="bbox 1479 2994 2483 3062; baseline -0.007 -13"><span class='ocrx_word' id='word_1_339' title='bbox 1479 3000 1740 3049; x_wconf 80' lang='lat' dir='ltr'><strong>Videntur</strong></span> <span class='ocrx_word' id='word_1_340' title='bbox 1763 2999 1933 3062; x_wconf 86' lang='lat' dir='ltr'><strong>potius</strong></span> <span class='ocrx_word' id='word_1_341' title='bbox 1955 2998 2193 3060; x_wconf 81' lang='lat' dir='ltr'><strong>abruptae</strong></span> <span class='ocrx_word' id='word_1_342' title='bbox 2232 3011 2261 3045; x_wconf 91' lang='lat' dir='ltr'><strong>e</strong></span> <span class='ocrx_word' id='word_1_343' title='bbox 2301 2994 2483 3059; x_wconf 76' lang='lat' dir='ltr'><strong>praelio</strong></span> 
     </span>
     <span class='ocr_line' id='line_1_60' title="bbox 1414 3073 2482 3139; baseline -0.005 -14"><span class='ocrx_word' id='word_1_344' title='bbox 1414 3091 1572 3126; x_wconf 86' lang='lat' dir='ltr'><strong>naves</strong></span> <span class='ocrx_word' id='word_1_345' title='bbox 1605 3076 1672 3125; x_wconf 86' lang='lat' dir='ltr'><strong>ab</strong></span> <span class='ocrx_word' id='word_1_346' title='bbox 1705 3076 1832 3139; x_wconf 85' lang='lat' dir='ltr'><strong>ipsis</strong></span> <span class='ocrx_word' id='word_1_347' title='bbox 1869 3073 2266 3139; x_wconf 75' lang='lat' dir='ltr'><strong>gladiatoribus,</strong></span> <span class='ocrx_word' id='word_1_348' title='bbox 2290 3086 2404 3121; x_wconf 87' lang='lat' dir='ltr'><strong>cum</strong></span> <span class='ocrx_word' id='word_1_349' title='bbox 2425 3086 2482 3121; x_wconf 85' lang='lat' dir='ltr'><strong>se</strong></span> 
     </span>
     <span class='ocr_line' id='line_1_61' title="bbox 1412 3152 2485 3215; baseline -0.005 -13"><span class='ocrx_word' id='word_1_350' title='bbox 1412 3154 1466 3203; x_wconf 89' lang='lat' dir='ltr'><strong>in</strong></span> <span class='ocrx_word' id='word_1_351' title='bbox 1489 3152 1656 3215; x_wconf 82' lang='lat' dir='ltr'><strong>fugam</strong></span> <span class='ocrx_word' id='word_1_352' title='bbox 1692 3161 1837 3202; x_wconf 84' lang='lat' dir='ltr'><strong>actos</strong></span> <span class='ocrx_word' id='word_1_353' title='bbox 1862 3152 2058 3212; x_wconf 82' lang='lat' dir='ltr'><strong>videre,</strong></span> <span class='ocrx_word' id='word_1_354' title='bbox 2079 3164 2146 3199; x_wconf 88' lang='lat' dir='ltr'><strong>ne</strong></span> <span class='ocrx_word' id='word_1_355' title='bbox 2173 3152 2286 3199; x_wconf 85' lang='lat' dir='ltr'><strong>usui</strong></span> <span class='ocrx_word' id='word_1_356' title='bbox 2311 3154 2485 3197; x_wconf 72' lang='lat' dir='ltr'><strong>essent</strong></span> 
     </span>
     <span class='ocr_line' id='line_1_62' title="bbox 1411 3226 2490 3293; baseline -0.006 -14"><span class='ocrx_word' id='word_1_357' title='bbox 1411 3230 1666 3293; x_wconf 85' lang='lat' dir='ltr'><strong>hostibus,</strong></span> <span class='ocrx_word' id='word_1_358' title='bbox 1683 3244 1800 3279; x_wconf 90' lang='lat' dir='ltr'><strong>cum</strong></span> <span class='ocrx_word' id='word_1_359' title='bbox 1824 3228 2054 3287; x_wconf 80' lang='lat' dir='ltr'><strong>cibariis,</strong></span> <span class='ocrx_word' id='word_1_360' title='bbox 2076 3226 2252 3289; x_wconf 81' lang='lat' dir='ltr'><strong>armis,</strong></span> <span class='ocrx_word' id='word_1_361' title='bbox 2273 3230 2364 3274; x_wconf 87' lang='lat' dir='ltr'><strong>aut</strong></span> <span class='ocrx_word' id='word_1_362' title='bbox 2381 3238 2490 3273; x_wconf 77' lang='lat' dir='ltr'><strong>sar-</strong></span> 
     </span>
     <span class='ocr_line' id='line_1_63' title="bbox 1415 3304 2488 3370; baseline -0.005 -13"><span class='ocrx_word' id='word_1_363' title='bbox 1415 3309 1564 3369; x_wconf 86' lang='lat' dir='ltr'><strong>cinis,</strong></span> <span class='ocrx_word' id='word_1_364' title='bbox 1578 3323 1693 3370; x_wconf 80' lang='lat' dir='ltr'><strong>quae</strong></span> <span class='ocrx_word' id='word_1_365' title='bbox 1715 3304 1852 3356; x_wconf 84' lang='lat' dir='ltr'><strong>forte</strong></span> <span class='ocrx_word' id='word_1_366' title='bbox 1874 3307 1936 3357; x_wconf 90' lang='lat' dir='ltr'><strong>iis</strong></span> <span class='ocrx_word' id='word_1_367' title='bbox 1955 3306 2168 3356; x_wconf 77' lang='lat' dir='ltr'><strong>navibus</strong></span> <span class='ocrx_word' id='word_1_368' title='bbox 2183 3312 2488 3355; x_wconf 80' lang='lat' dir='ltr'><strong>transvecta</strong></span> 
     </span>
     <span class='ocr_line' id='line_1_64' title="bbox 1416 3382 1817 3433; baseline -0.005 0"><span class='ocrx_word' id='word_1_369' title='bbox 1416 3384 1566 3433; x_wconf 89' lang='lat' dir='ltr'><strong>simul</strong></span> <span class='ocrx_word' id='word_1_370' title='bbox 1591 3382 1817 3433; x_wconf 86' lang='lat' dir='ltr'><strong>fuerant.</strong></span> 
     </span>
    </p>

    <p class='ocr_par' dir='ltr' id='par_1_17' title="bbox 1414 3456 2492 4284">
     <span class='ocr_line' id='line_1_65' title="bbox 1485 3456 2486 3511; baseline -0.004 -1"><span class='ocrx_word' id='word_1_371' title='bbox 1485 3460 1642 3511; x_wconf 83' lang='lat' dir='ltr'><strong>Haud</strong></span> <span class='ocrx_word' id='word_1_372' title='bbox 1666 3460 1820 3509; x_wconf 85' lang='lat' dir='ltr'><strong>dubie</strong></span> <span class='ocrx_word' id='word_1_373' title='bbox 1845 3460 2028 3509; x_wconf 77' lang='lat' dir='ltr'><strong>Macer</strong></span> <span class='ocrx_word' id='word_1_374' title='bbox 2067 3458 2229 3507; x_wconf 85' lang='lat' dir='ltr'><strong>voluit</strong></span> <span class='ocrx_word' id='word_1_375' title='bbox 2269 3456 2486 3506; x_wconf 85' lang='lat' dir='ltr'><strong>insulam</strong></span> 
     </span>
     <span class='ocr_line' id='line_1_66' title="bbox 1414 3534 2487 3599; baseline -0.004 -13"><span class='ocrx_word' id='word_1_376' title='bbox 1414 3551 1692 3599; x_wconf 86' lang='lat' dir='ltr'><strong>occupare,</strong></span> <span class='ocrx_word' id='word_1_377' title='bbox 1715 3545 1770 3585; x_wconf 85' lang='lat' dir='ltr'><strong>et</strong></span> <span class='ocrx_word' id='word_1_378' title='bbox 1797 3536 1937 3586; x_wconf 82' lang='lat' dir='ltr'><strong>forte</strong></span> <span class='ocrx_word' id='word_1_379' title='bbox 1975 3550 2038 3585; x_wconf 88' lang='lat' dir='ltr'><strong>ea</strong></span> <span class='ocrx_word' id='word_1_380' title='bbox 2073 3534 2222 3593; x_wconf 86' lang='lat' dir='ltr'><strong>vada,</strong></span> <span class='ocrx_word' id='word_1_381' title='bbox 2259 3542 2318 3583; x_wconf 85' lang='lat' dir='ltr'><strong>ut</strong></span> <span class='ocrx_word' id='word_1_382' title='bbox 2355 3534 2487 3583; x_wconf 88' lang='lat' dir='ltr'><strong>Ger-</strong></span> 
     </span>
     <span class='ocr_line' id='line_1_67' title="bbox 1416 3608 2488 3663; baseline -0.004 -2"><span class='ocrx_word' id='word_1_383' title='bbox 1416 3614 1646 3663; x_wconf 82' lang='lat' dir='ltr'><strong>manicos</strong></span> <span class='ocrx_word' id='word_1_384' title='bbox 1691 3628 1780 3661; x_wconf 88' lang='lat' dir='ltr'><strong>seu</strong></span> <span class='ocrx_word' id='word_1_385' title='bbox 1823 3612 2131 3661; x_wconf 77' lang='lat' dir='ltr'><strong>Vitellianos</strong></span> <span class='ocrx_word' id='word_1_386' title='bbox 2177 3608 2386 3659; x_wconf 67' lang='lat' dir='ltr'><strong>finimine</strong></span> <span class='ocrx_word' id='word_1_387' title='bbox 2429 3614 2488 3659; x_wconf 85' lang='lat' dir='ltr'><strong>et</strong></span> 
     </span>
     <span class='ocr_line' id='line_1_68' title="bbox 1418 3684 2489 3750; baseline -0.003 -12"><span class='ocrx_word' id='word_1_388' title='bbox 1418 3690 1640 3739; x_wconf 86' lang='lat' dir='ltr'><strong>transitu</strong></span> <span class='ocrx_word' id='word_1_389' title='bbox 1678 3696 1901 3747; x_wconf 86' lang='lat' dir='ltr'><strong>arceret,</strong></span> <span class='ocrx_word' id='word_1_390' title='bbox 1927 3702 2044 3737; x_wconf 75' lang='lat' dir='ltr'><strong>eum</strong></span> <span class='ocrx_word' id='word_1_391' title='bbox 2070 3688 2172 3736; x_wconf 72' lang='lat' dir='ltr'><strong>suis</strong></span> <span class='ocrx_word' id='word_1_392' title='bbox 2195 3684 2489 3750; x_wconf 77' lang='lat' dir='ltr'><strong>gladiatori-</strong></span> 
     </span>
     <span class='ocr_line' id='line_1_69' title="bbox 1418 3761 2488 3827; baseline -0.006 -12"><span class='ocrx_word' id='word_1_393' title='bbox 1418 3764 1515 3815; x_wconf 85' lang='lat' dir='ltr'><strong>bus</strong></span> <span class='ocrx_word' id='word_1_394' title='bbox 1533 3782 1545 3815; x_wconf 90' lang='lat'>:</span> <span class='ocrx_word' id='word_1_395' title='bbox 1581 3766 1632 3813; x_wconf 86' lang='lat' dir='ltr'><strong>hi</strong></span> <span class='ocrx_word' id='word_1_396' title='bbox 1655 3774 1830 3815; x_wconf 85' lang='lat' dir='ltr'><strong>antem</strong></span> <span class='ocrx_word' id='word_1_397' title='bbox 1848 3762 2108 3827; x_wconf 84' lang='lat' dir='ltr'><strong>profligati</strong></span> <span class='ocrx_word' id='word_1_398' title='bbox 2131 3772 2270 3813; x_wconf 86' lang='lat' dir='ltr'><strong>terra</strong></span> <span class='ocrx_word' id='word_1_399' title='bbox 2285 3761 2488 3825; x_wconf 84' lang='lat' dir='ltr'><strong>fugere,</strong></span> 
     </span>
     <span class='ocr_line' id='line_1_70' title="bbox 1420 3840 2488 3903; baseline -0.003 -14"><span class='ocrx_word' id='word_1_400' title='bbox 1420 3858 1519 3903; x_wconf 82' lang='lat' dir='ltr'><strong>qua</strong></span> <span class='ocrx_word' id='word_1_401' title='bbox 1544 3847 1810 3901; x_wconf 82' lang='lat' dir='ltr'><strong>venerant,</strong></span> <span class='ocrx_word' id='word_1_402' title='bbox 1831 3840 2068 3903; x_wconf 85' lang='lat' dir='ltr'><strong>abruptis</strong></span> <span class='ocrx_word' id='word_1_403' title='bbox 2099 3840 2433 3900; x_wconf 78' lang='lat' dir='ltr'><strong>abreptisque</strong></span> <span class='ocrx_word' id='word_1_404' title='bbox 2456 3850 2488 3885; x_wconf 83' lang='lat' dir='ltr'><strong>e</strong></span> 
     </span>
     <span class='ocr_line' id='line_1_71' title="bbox 1422 3912 2488 3982; baseline -0.006 -16"><span class='ocrx_word' id='word_1_405' title='bbox 1422 3934 1595 3982; x_wconf 78' lang='lat' dir='ltr'><strong>pugna</strong></span> <span class='ocrx_word' id='word_1_406' title='bbox 1637 3918 1852 3965; x_wconf 83' lang='lat' dir='ltr'><strong>navibus</strong></span> <span class='ocrx_word' id='word_1_407' title='bbox 1891 3930 2008 3980; x_wconf 68' lang='lat' dir='ltr'><strong>quie</strong></span> <span class='ocrx_word' id='word_1_408' title='bbox 2045 3912 2410 3978; x_wconf 83' lang='lat' dir='ltr'><strong>superfuerant</strong></span> <span class='ocrx_word' id='word_1_409' title='bbox 2457 3925 2488 3960; x_wconf 92' lang='lat' dir='ltr'><strong>e</strong></span> 
     </span>
     <span class='ocr_line' id='line_1_72' title="bbox 1421 3990 2491 4056; baseline -0.008 -14"><span class='ocrx_word' id='word_1_410' title='bbox 1421 3994 1620 4056; x_wconf 74' lang='lat' dir='ltr'><strong>pra-lio,</strong></span> <span class='ocrx_word' id='word_1_411' title='bbox 1655 4002 1846 4041; x_wconf 84' lang='lat' dir='ltr'><strong>ceterae</strong></span> <span class='ocrx_word' id='word_1_412' title='bbox 1886 3991 2022 4040; x_wconf 88' lang='lat' dir='ltr'><strong>enim</strong></span> <span class='ocrx_word' id='word_1_413' title='bbox 2065 3990 2147 4037; x_wconf 85' lang='lat' dir='ltr'><strong>vel</strong></span> <span class='ocrx_word' id='word_1_414' title='bbox 2201 3992 2420 4035; x_wconf 78' lang='lat' dir='ltr'><strong>retentae</strong></span> <span class='ocrx_word' id='word_1_415' title='bbox 2457 4000 2491 4035; x_wconf 88' lang='lat' dir='ltr'><strong>a</strong></span> 
     </span>
     <span class='ocr_line' id='line_1_73' title="bbox 1418 4062 2489 4125; baseline -0.01 -4"><span class='ocrx_word' id='word_1_416' title='bbox 1418 4072 1693 4121; x_wconf 78' lang='lat' dir='ltr'><strong>Germanis</strong></span> <span class='ocrx_word' id='word_1_417' title='bbox 1729 4070 1808 4117; x_wconf 81' lang='lat' dir='ltr'><strong>vel</strong></span> <span class='ocrx_word' id='word_1_418' title='bbox 1843 4069 2160 4115; x_wconf 58' lang='lat' dir='ltr'><strong>submersae:</strong></span> <span class='ocrx_word' id='word_1_419' title='bbox 2214 4072 2270 4111; x_wconf 87' lang='lat' dir='ltr'><strong>et</strong></span> <span class='ocrx_word' id='word_1_420' title='bbox 2307 4062 2489 4125; x_wconf 73' lang='lat' dir='ltr'><strong>fugere</strong></span> 
     </span>
     <span class='ocr_line' id='line_1_74' title="bbox 1418 4140 2492 4203; baseline -0.007 -8"><span class='ocrx_word' id='word_1_421' title='bbox 1418 4148 1490 4195; x_wconf 85' lang='lat' dir='ltr'><strong>illi</strong></span> <span class='ocrx_word' id='word_1_422' title='bbox 1516 4148 1565 4195; x_wconf 89' lang='lat' dir='ltr'><strong>in</strong></span> <span class='ocrx_word' id='word_1_423' title='bbox 1591 4156 1765 4194; x_wconf 74' lang='lat' dir='ltr'><strong>castra</strong></span> <span class='ocrx_word' id='word_1_424' title='bbox 1787 4144 2007 4193; x_wconf 81' lang='lat' dir='ltr'><strong>Othonis</strong></span> <span class='ocrx_word' id='word_1_425' title='bbox 2031 4159 2044 4191; x_wconf 73' lang='grc' dir='ltr'>ε</span> <span class='ocrx_word' id='word_1_426' title='bbox 2081 4140 2176 4203; x_wconf 88' lang='lat' dir='ltr'><strong>ibi,</strong></span> <span class='ocrx_word' id='word_1_427' title='bbox 2197 4140 2344 4191; x_wconf 87' lang='lat' dir='ltr'><strong>clade</strong></span> <span class='ocrx_word' id='word_1_428' title='bbox 2365 4153 2492 4189; x_wconf 85' lang='lat' dir='ltr'><strong>nun-</strong></span> 
     </span>
     <span class='ocr_line' id='line_1_75' title="bbox 1419 4218 2488 4284; baseline -0.007 -12"><span class='ocrx_word' id='word_1_429' title='bbox 1419 4226 1570 4284; x_wconf 80' lang='lat' dir='ltr'><strong>tiata,</strong></span> <span class='ocrx_word' id='word_1_430' title='bbox 1593 4223 1830 4271; x_wconf 85' lang='lat' dir='ltr'><strong>Macrum</strong></span> <span class='ocrx_word' id='word_1_431' title='bbox 1855 4220 1920 4269; x_wconf 85' lang='lat' dir='ltr'><strong>ad</strong></span> <span class='ocrx_word' id='word_1_432' title='bbox 1939 4220 2160 4270; x_wconf 82' lang='lat' dir='ltr'><strong>exitium</strong></span> <span class='ocrx_word' id='word_1_433' title='bbox 2181 4218 2488 4281; x_wconf 82' lang='lat' dir='ltr'><strong>deposcunt.</strong></span> 
     </span>
    </p>

    <p class='ocr_par' dir='ltr' id='par_1_18' title="bbox 1489 4292 2490 4362">
     <span class='ocr_line' id='line_1_76' title="bbox 1489 4292 2490 4362; baseline -0.009 -13"><span class='ocrx_word' id='word_1_434' title='bbox 1489 4298 1744 4362; x_wconf 75' lang='lat' dir='ltr'><strong>Abruptis]</strong></span> <span class='ocrx_word' id='word_1_435' title='bbox 1773 4296 1923 4347; x_wconf 84' lang='lat' dir='ltr'><strong>Curt.</strong></span> <span class='ocrx_word' id='word_1_436' title='bbox 1946 4294 1982 4347; x_wconf 86' lang='lat'><strong>1.</strong></span> <span class='ocrx_word' id='word_1_437' title='bbox 2004 4310 2064 4345; x_wconf 74' lang='lat' dir='ltr'><strong>iv</strong></span> <span class='ocrx_word' id='word_1_438' title='bbox 2116 4295 2132 4322; x_wconf 92' lang='lat'>‘</span> <span class='ocrx_word' id='word_1_439' title='bbox 2151 4292 2314 4345; x_wconf 85' lang='lat' dir='ltr'><strong>Plura</strong></span> <span class='ocrx_word' id='word_1_440' title='bbox 2337 4292 2490 4343; x_wconf 87' lang='lat' dir='ltr'><strong>simul</strong></span> 
     </span>
    </p>
   </div>
  </div>
 </body>
</html>
