2893 4742
209 349 274 401 J.
293 350 355 402 C.
377 349 486 413 OQ]

905 344 1440 395 HISTORIARUM
1491 344 1643 395 Lm.
1692 347 1775 395 11.

1225 582 1436 633 NOTAE

215 712 702 779 quartadecimanis,
754 726 1076 779 quocumque
1144 728 1278 777 proe-

216 799 385 853 textu,
405 792 514 840 sive
537 792 602 839 ad
627 791 818 840 bellum
837 790 886 839 in
905 789 1152 851 Albanos,
1169 790 1279 838 aive

216 867 463 917 adversus
507 868 779 917 Vindicem
821 875 876 916 ct
931 866 1173 926 Galbam,
1223 872 1280 915 et

217 950 328 993 tum
367 944 420 993 in
457 944 612 993 Italia
648 950 762 993 orta
798 942 1072 1005 discordia,
1094 941 1278 992 Batavi

217 1020 500 1069 coercuere
518 1018 1010 1083 quartadecimanos,
1027 1025 1085 1068 et
1100 1018 1174 1067 aie
1199 1032 1280 1068 rea

215 1096 447 1144 Neronia
485 1093 730 1145 afflixere.
829 1094 1012 1159 ltaque
1051 1093 1280 1158 separati

217 1175 341 1219 aunt
356 1170 546 1218 Batavi
567 1184 596 1219 a
618 1170 838 1233 legione,
851 1186 966 1235 quae
985 1185 1103 1218 mox
1126 1170 1280 1219 missa

215 1246 271 1295 in
293 1245 562 1309 Illyricum
586 1262 617 1294 a
640 1245 811 1295 Galba
830 1246 1083 1308 principe.

284 1318 509 1369 Affuisse
532 1326 708 1369 autem
739 1336 827 1370 eas
861 1321 1069 1369 cohortes
1097 1321 1279 1383 praeno

217 1396 426 1446 Paulini
447 1398 500 1447 in
525 1396 817 1458 Britannia,
852 1404 999 1460 patet
1036 1412 1099 1446 ex
1140 1396 1276 1447 Anu.

217 1484 334 1521 xxv.
355 1475 437 1519 37.
461 1472 546 1519 ubi
569 1472 642 1519 sic
667 1472 898 1535 praelium
925 1470 1173 1522 describit
1187 1473 1278 1522 Τι-

217 1546 386 1597 citus:
434 1549 448 1574 ⁴
477 1548 554 1595 Ac
597 1547 814 1609 primum
853 1546 1004 1609 legio·
1043 1547 1278 1611 (quarta-

215 1622 418 1671 decima
455 1622 684 1685 scilicet)
717 1624 732 1651 ‘
759 1622 922 1685 gradu
959 1622 1191 1685 immota,
1224 1631 1279 1675 et

215 1698 478 1760 angustias
515 1697 614 1747 loci
655 1710 754 1760 pro
789 1698 1104 1747 munimento
1155 1699 1278 1747 reti-

217 1788 363 1833 nens,
403 1781 674 1837 postquam
729 1772 942 1835 propius
981 1786 1278 1836 suggressus

215 1848 376 1897 hostis
421 1854 567 1896 certo
603 1846 752 1909 jactu
803 1848 910 1895 tela
950 1848 1280 1909 exhauserat,

218 1924 361 1973 velut
395 1934 560 1972 cinaeo
593 1922 784 1985 erupit.
865 1923 1016 1971 Idem
1068 1922 1280 1971 auxilia-

216 2000 346 2050 rium
369 1996 645 2062 impetus?
677 1996 1018 2063 (Batavorum
1059 2010 1244 2061 nempe
1265 2014 1277 2045 ε

217 2090 334 2124 nam
353 2074 424 2124 ibi
447 2073 616 2137 pauci,
637 2077 728 2121 aut
761 2070 898 2121 forte
921 2073 1046 2121 nulli
1077 2074 1282 2121 Britan-

215 2152 288 2211 ni,
307 2162 362 2199 et
385 2151 555 2214 potius
586 2147 790 2197 auxiliis
830 2146 1085 2211 sociisque
1122 2148 1281 2211 legio-

217 2226 316 2289 nia,
339 2226 574 2286 Batavis,
599 2238 812 2288 quorum
852 2228 1120 2285 comperta
1147 2223 1282 2273 bello

215 2302 399 2363 virtus,
445 2299 609 2349 fidere
647 2298 830 2349 debuit
866 2297 1140 2361 Paulinus)
1188 2299 1202 2326 ‘
1227 2304 1282 2347 et

215 2391 396 2443 eques,
451 2376 706 2440 protentin
761 2375 942 2436 hastis,
1003 2373 1280 2437 perfringit

215 2454 352 2519 quod
378 2452 582 2502 obvium
605 2456 660 2502 et
689 2450 916 2500 validum
937 2449 1086 2510 erat,'
1119 2451 1278 2499 etiam

215 2537 272 2580 et
314 2528 582 2580 fortissimi
632 2527 838 2592 equites
879 2531 1029 2574 erant
1071 2525 1277 2586 Batavi,

215 2605 354 2672 quod
377 2604 677 2656 notandum.

281 2683 355 2734 Et
376 2696 494 2732 cum
514 2680 736 2732 Saviliua
759 2678 835 2727 vir
855 2677 1182 2728 doctissimus
1205 2677 1280 2725 in·

215 2763 537 2823 terpretatur
557 2762 860 2821 sequentem
898 2755 1068 2804 locum
1105 2755 1142 2803 l.
1165 2766 1280 2802 xiv.

217 2839 300 2885 38.
353 2835 368 2864 ⁸
392 2833 654 2897 Auxitque
709 2831 900 2895 copias’
957 2829 1282 2880 Britannica·

213 2914 229 2940 ⁸
253 2910 447 2962 (ἔπειτ’
479 2907 672 2973 (Nero)
701 2909 716 2936 ‘
737 2909 902 2958 missis
938 2923 967 2957 e
1001 2905 1282 2956 Germania

217 2986 419 3036 duobus
455 2985 850 3050 legionariorum
889 2983 1130 3042 millibus,
1159 2987 1281 3031 octo

218 3062 602 3112 auxiliariorum
637 3059 935 3110 cohortibus
957 3058 989 3118 ;’
1039 3073 1174 3118 cum,
1207 3056 1281 3106 in-

217 3137 661 3203 quam,intelligit
695 3135 810 3184 illas
845 3145 964 3183 octo
989 3133 1280 3182 auxiliario-

218 3227 332 3263 rum
373 3213 612 3262 cobortes
653 3208 814 3258 fuisse
860 3209 1196 3268 Batavorum,
1227 3212 1283 3256 et

219 3288 412 3338 auxilia
450 3286 669 3351 legionis
709 3283 1145 3350 quartaedecimae,
1165 3293 1280 3346 quae

217 3365 458 3414 cohortes
512 3362 750 3411 advectae
825 3368 942 3422 post
1008 3358 1282 3406 victoriam

217 3438 443 3501 Paulini,
466 3437 678 3486 fallitur.

285 3516 356 3564 Et
377 3522 544 3574 certe,
565 3528 630 3562 an
653 3513 704 3561 iu
730 3518 876 3562 tanta
897 3511 1028 3560 mole
1053 3510 1196 3572 belli,
1215 3524 1280 3559 an

216 3590 273 3640 in
295 3596 401 3641 tam
425 3590 591 3640 feroci
625 3588 892 3652 provincia
919 3602 1120 3650 separa}
1131 3593 1282 3636 entur

217 3667 410 3715 auxilia
443 3681 474 3714 a
507 3651 614 3714 sua‘
633 3665 854 3726 legione.
919 3664 988 3712 Et
1011 3667 1126 3710 cnm
1151 3661 1282 3712 dicit

215 3741 428 3790 Tacitus
479 3754 668 3802 supra:
726 3743 740 3767 ‘
769 3741 904 3787 idem
955 3737 1280 3788 auxiliarium

217 3819 476 3881 impetus:
499 3817 743 3880 intelligit
763 3817 900 3864 haud
921 3816 1074 3866 dubie
1097 3815 1162 3864 de
1179 3815 1280 3865 Ba-

217 3894 360 3945 ravis.

285 3973 355 4022 Et
375 3972 472 4021 boc
497 3980 670 4020 nostro
695 3971 809 4018 loco
833 3969 973 4018 Hist.
995 3982 1054 4018 n.
1077 3973 1158 4016 28.
1197 3983 1282 4030 pa-

221 4055 304 4100 tet
321 4049 506 4098 vicisse
527 4048 580 4096 in
599 4045 869 4095 Britannia
889 4045 1117 4092 Batavos
1141 4045 1282 4092 auxi-

219 4125 374 4174 liares
395 4137 514 4172 cum
537 4137 633 4172 aua
657 4123 863 4184 legione
887 4132 1002 4168 xiv.
1072 4118 1284 4180 Quippe

219 4215 340 4254 cum
359 4205 726 4266 separarentur
759 4197 998 4252 cobortes
1031 4195 1134 4246 illae
1155 4195 1284 4286 inv-i-

1357 726 1491 774 cem,
1508 718 1564 761 et
1582 726 1613 761 a
1628 709 1921 775 legionibus
1938 726 1953 770 ;
1989 709 2003 737 ⁴
2026 722 2245 758 merere
2264 710 2426 773 aocii,’

1357 788 1475 855 (seu
1514 786 1929 853 commilitonea‚)
1968 788 1982 813 ⁴
2006 786 2229 837 fremere
2268 787 2429 855 legio·

1361 880 1486 915 nea:
1525 865 1691 915 orbari
1710 880 1765 911 ae
1787 861 2180 911 fortissimorum
2203 862 2425 913 virorum

1362 941 1570 992 auxilio.
1638 942 1859 991 Veteres
1898 940 2013 987 illos
2054 947 2110 989 et
2150 946 2227 987 tot
2268 939 2425 989 bello-

1363 1032 1475 1067 rum
1514 1018 1964 1068 victores....velut
2002 1031 2065 1065 ex
2090 1016 2203 1066 acie
2239 1016 2425 1066 abduci

1363 1108 1540 1144 ...mou
1562 1092 1965 1156 abrumpendos,
1988 1100 2045 1143 ut
2071 1094 2279 1155 corpori
2302 1094 2426 1143 vali·

1362 1168 1601 1219 dissimos
1626 1167 1804 1219 artus!

1425 1246 1497 1293 Et
1546 1243 1743 1294 diserte
1780 1244 1943 1293 Tacit.
1985 1256 2059 1293 tv·
2100 1248 2179 1292 14.
2234 1244 2425 1295 Batavi

1357 1320 1376 1349 ‘
1398 1320 1487 1369 diu
1505 1318 1829 1370 Germanicia
1854 1319 2001 1369 bellis
2026 1319 2278 1368 exerciti:
2304 1334 2427 1369 mox

1359 1403 1516 1447 aucta
1551 1412 1647 1460 per
1682 1396 2004 1445 Britanniam
2042 1396 2225 1459 gloria,
2260 1402 2428 1447 trans·

1360 1471 1525 1521 missia
1548 1472 1649 1523 huc
1669 1470 2001 1521 cohortibus!

1424 1550 1497 1597 Et
1517 1562 1611 1598 cur
1634 1550 1860 1598 Batavos
1891 1548 2028 1610 rapit
2052 1548 2103 1597 in
2132 1546 2334 1597 ltaliam
2358 1549 2424 1598 si-

1357 1624 1465 1673 mul
1487 1638 1603 1674 eum
1627 1638 1722 1675 ana
1752 1624 1955 1687 legione
1982 1625 2145 1685 Nero,
2168 1624 2265 1673 nisi
2303 1625 2427 1689 qnia

1357 1698 1626 1753 fortissimi
1648 1700 1765 1760 viri,
1788 1705 1841 1749 et
1872 1700 1939 1749 ob
1961 1699 2191 1749 victorine
2220 1702 2426 1751 Britan-

1359 1776 1492 1825 nicae
1511 1775 1699 1825 famam
1714 1776 1737 1823 Β
1783 1775 1895 1824 111ae
1915 1775 2173 1836 cohortea,
2194 1782 2252 1825 nt
2276 1784 2424 1839 puto,

1359 1858 1509 1900 erant
1532 1850 1699 1901 adbuc
1722 1850 1773 1898 iu
1794 1848 1969 1911 Italia,
1986 1855 2044 1897 ut
2064 1859 2119 1899 et
2142 1851 2276 1914 legio
2294 1868 2309 1911 3
2332 1850 2425 1900 aed

1361 1935 1613 1989 separata:
1651 1924 1943 1989 agitabant,
1980 1940 2095 1975 cum
2136 1928 2189 1976 in
2230 1926 2428 1989 urbem,

1361 2007 1454 2048 aut
1476 2006 1621 2049 certe
1648 2001 1701 2048 in
1726 1998 1933 2049 Italiam
1953 1999 2297 2050 adveheretur
2320 2002 2425 2052 vie-

1363 2080 1446 2123 tor
1467 2074 1653 2127 Galba.

1427 2148 1615 2214 Itaque
1652 2150 1741 2199 ille
1776 2150 2087 2201 discordiam
2125 2149 2428 2215 aboliturus,

1362 2224 1805 2291 distracturusqne
1820 2234 2015 2291 partes,
2027 2229 2157 2276 misit
2176 2228 2427 2290 legionem

1363 2302 1800 2365 quartadecimani
1822 2302 1877 2351 in
1900 2303 2235 2365 Pannoniam,
2252 2310 2307 2361 et
2330 2304 2429 2353 Ba-

1361 2385 1594 2428 tavorum
1630 2381 1872 2430 cohortes
1912 2381 1963 2428 in
2008 2380 2322 2428 Britanniam
2345 2393 2426 2429 re·

1361 2454 1623 2516 mittebat,
1652 2455 1765 2518 jam
1797 2454 1917 2504 satia
1950 2453 2143 2504 bellum
2180 2455 2331 2505 civile
2370 2455 2425 2504 in

1361 2532 1537 2584 Gallia
1559 2531 2013 2596 praeparantibus:

1423 2609 1537 2668 Eae,
1558 2609 1735 2658 audito
1750 2608 1946 2658 Vitellii
1966 2614 2131 2664 motu,
2146 2607 2426 2658 substitere

1360 2684 1497 2748 apud
1524 2685 1802 2748 Lingones,
1820 2682 1956 2734 forte
1974 2684 2095 2747 quia
2115 2684 2167 2731 hi
2192 2699 2283 2746 pro
2300 2687 2429 2734 Ver-

1362 2762 1498 2826 ginio
1521 2768 1614 2811 aut
1638 2761 1843 2810 Nerone
1878 2759 2125 2808 adversus
2148 2758 2425 2810 Vindicem

1360 2843 1635 2886 steterant.
1702 2835 1829 2884 Tac.
1868 2834 2013 2884 Hiat-
2052 2847 2091 2882 ι.
2123 2837 2205 2883 5⁹.
2238 2835 2255 2862 ‘
2283 2835 2352 2882 Et
2374 2849 2427 2884 e-

1359 2918 1477 2961 rant
1500 2912 1553 2959 in
1574 2911 1789 2960 civitate
1814 2909 2101 2972 Lingonum
2124 2915 2243 2958 octo
2273 2910 2428 2960 Bata-

1362 3001 1541 3037 vorum
1562 2987 1804 3036 cobortes
1828 2983 2244 3049 quartadecimae
2268 2985 2426 3048 legio-

1361 3065 1442 3112 nis
1466 3065 1672 3126 auxilia,
1705 3070 1815 3113 tum
1838 3060 2098 3111 discordia
2120 3061 2426 3124 temporum’

1359 3139 1630 3204 (intelligit
1655 3139 1845 3188 bellum
1867 3137 2107 3186 Vindicis
2147 3142 2203 3186 et
2241 3136 2425 3186 Galbae

1360 3215 1609 3264 adversus
1650 3213 1955 3274 Neronum)
2001 3214 2016 3241 ‘
2042 3227 2075 3261 a
2108 3212 2311 3276 legione
2349 3213 2425 3261 di-

1361 3304 1551 3352 gresaae
1572 3289 1606 3338 :’
1671 3289 1808 3352 quod
1846 3289 1973 3337 Tae.
2018 3287 2253 3350 explieat
2292 3286 2429 3338 infra

1360 3365 1457 3414 hoc
1479 3365 1514 3415 1.
1538 3379 1599 3414 ιι.
1622 3381 1670 3414 c.
1688 3369 1771 3413 27.
1796 3363 1811 3390 ‘
1828 3363 2079 3413 cobortes
2096 3363 2428 3426 Batavorum,

1363 3454 1491 3502 quaa
1528 3438 1665 3488 bello
1706 3437 1929 3488 Neronia
1970 3452 2001 3485 a
2038 3437 2427 3500 quartadecima

1361 3515 1565 3577 legione
1608 3514 1887 3577 digressas,
1931 3527 2050 3561 cum
2102 3513 2424 3564 Britanniam

1363 3598 1627 3654 peterent,
1648 3588 1825 3640 audito
1850 3587 2049 3638 vitellii
2070 3597 2234 3651 motu,
2266 3589 2319 3639 iu
2354 3591 2427 3639 ci·

1363 3667 1525 3715 vitate
1568 3666 1877 3728 Lingonum,
1916 3664 2071 3716 Fabio
2093 3665 2301 3716 Valenti
2335 3665 2423 3714 ad-

1353 3743 1565 3805 junctas
1590 3739 1888 3802 retulimua,'
1920 3743 2018 3789 otc.

1426 3817 1613 3882 Itaque
1646 3817 1948 3866 remeabant
1980 3818 2219 3868 cohortes
2240 3817 2295 3868 iu
2312 3814 2425 3866 Bri-

1361 3892 1771 3954 tanniani,solita
1795 3893 2041 3954 hyberna,
2052 3892 2199 3954 jussu
2217 3892 2424 3953 Galbae,

1361 3971 1453 4020 aed
1493 3986 1610 4020 cnm
1646 3978 1819 4020 essent
1862 3969 1999 4032 apud
2042 3969 2312 4032 hingone&
2350 3967 2425 4016 ibi

1339 4063 1449 4098 ,eas
1486 4045 1831 4110 deprehendit
1870 4045 2075 4092 nuntius
2114 4043 2237 4092 belli
2262 4043 2303 4090 V
2312 4042 2425 4093 itel-

1361 4123 1501 4172 liani.
1566 4122 1753 4184 Itaque
1776 4121 1953 4170 statim
1992 4132 2263 4168 accessere
2304 4133 2399 4181 par

1364 4199 1505 4254 tibus
1540 4196 1759 4262 Vitellii,
1804 4195 1819 4222 ‘
1842 4194 2037 4261 grande
2088 4203 2422 4262 momentum,
