2893 4742
361 285 548 356 2188

1053 299 1161 352 13..
1193 301 1442 351 colum
1456 303 1557 350 LII
1604 300 1859 352 'lucrm

2254 305 2348 371 [Α.
2370 307 2440 360 U.
2456 297 2581 360 925.

369 448 615 526 omine,
676 453 878 532 atque
933 449 1108 532 ipsis
1163 451 1382 526 etiam,
1436 448 1557 532 qni
1608 447 2035 526 occiderant:
2080 435 2585 513 formidolosae.

371 548 663 614 Inducta
721 551 982 632 legione
1034 546 1401 634 Hispana?
1445 555 1819 615 mmanente
1868 567 1973 626 ea,
2025 567 2229 634 quam
2266 567 2305 611 e
2355 546 2579 612 classe

371 743 752 808 rimnfinfelix
771 747 1006 808 pro-agio
1017 745 1134 810 fnit,
1149 751 1288 810 utque
1305 746 1426 810 ipsis
1443 747 1591 795 etism
1610 743 1691 808 qm·
1720 741 2097 803 trucidaverunt,
2134 741 2427 792 aretam
2490 739 2583 789 Ia-

373 814 508 862 κείω
527 810 710 872 legione
729 809 1041 876 Hispaniensi
1057 811 1110 861 in
1133 811 1334 876 urbem,
1352 815 1401 860 et
1421 814 1688 860 remae
1708 823 1783 872 ea,
1804 821 1946 872 qaum
1966 821 1993 857 s
2022 805 2281 856 classim-iis
2301 804 2435 855 Nero
2454 805 2585 855 dels-

1373 985 1595 1038 NOTAE

373 1128 589 1181 ritatem
620 1128 674 1178 in
695 1129 817 1179 vilia
853 1129 1027 1192 capita
1055 1127 1292 1178 exercuit
1310 1127 1440 1176 Ves-

375 1207 641 1268 pasianus‚
681 1205 771 1255 sed
808 1205 993 1254 altiore
1017 1202 1318 1268 prudentia,
1347 1207 1441 1251 aut

373 1280 572 1343 maiore
603 1277 730 1330 fato.

439 1352 466 1388 ἅ
497 1355 779 1418 Ian-mium]
811 1355 972 1418 Puto,
1007 1369 1112 1404 non
1135 1355 1341 1406 omnino
1363 1355 1440 1405 in·

377 1443 546 1500 ermes
567 1431 642 1479 illi
662 1432 930 1494 classiarii,
953 1439 1013 1481 ut
1032 1431 1121 1496 qni
1134 1433 1246 1495 jam
1268 1430 1438 1480 delec-

375 1503 423 1555 ti
450 1510 507 1554 et
543 1505 692 1554 asciti
714 1520 745 1554 a
784 1507 998 1557 Nerone
1031 1508 1086 1557 in
1124 1521 1364 1556 numeros
1383 1511 1442 1556 et

377 1577 609 1631 ordinem
657 1582 874 1646 legionis
927 1583 1201 1646 compositi
1254 1589 1438 1631 erant:

377 1657 471 1706 sed
491 1656 726 1720 iutellige
746 1658 944 1707 mes
961 1655 1142 1718 fuisse,
1177 1671 1443 1721 compara-

380 1737 439 1782 te
459 1746 576 1783 cum
599 1733 736 1782 veris
767 1734 1084 1797 legionariis.

441 1807 516 1857 Et
536 1812 683 1857 certe
705 1808 936 1857 nonnulli
956 1809 1214 1857 strinxere
1247 1806 1442 1857 serrum

379 1882 626 1934 adversus
681 1884 926 1947 Galbam,
971 1899 1090 1934 cum
1130 1883 1344 1934 advenit
1386 1883 1441 1930 in

377 1958 582 2023 urbem,
604 1959 714 2010 tela
731 1967 787 2010 et
807 1961 970 2010 minas
987 1961 1326 2021 intentantes,
1344 1959 1444 2008 nisi

379 2032 616 2084 militiam
638 2035 972 2110 legionariam
995 2037 1094 2086 illis
1115 2035 1446 2098 concederet,

383 2109 810 2176 quemadmodum
839 2113 983 2161 Nero
1004 2119 1348 2163 concesserat.

448 2184 602 2237 Quod
625 2199 730 2235 non
769 2187 881 2235 ausi
915 2184 1091 2236 forent
1123 2187 1234 2236 sine
1276 2187 1448 2253 armis,

293 2267 318 2284 ‘
381 2264 438 2310 et
461 2267 606 2312 certe
626 2262 679 2311 in
701 2261 948 2313 ferociam
967 2267 1024 2312 et
1047 2263 1218 2311 scelus
1240 2275 1446 2312 exarse-

381 2340 501 2387 rant
549 2336 798 2386 adversus
856 2335 1145 2401 principem
1184 2337 1445 2399 electum;

381 2410 714 2475 quamobrem
736 2418 792 2461 et
819 2413 967 2463 caesis
991 2412 1166 2461 multis
1202 2411 1444 2477 millibus,

380 2484 609 2551 reliquos
632 2486 791 2536 etiam
810 2494 994 2552 postea
1025 2487 1304 2537 decimavit
1319 2487 1445 2537 Gal-

373 2562 470 2627 ba,
489 2562 611 2613 dein
634 2570 689 2613 et
708 2564 928 2614 vinculis
952 2563 1156 2629 babuit,
1179 2569 1237 2615 ut
1255 2565 1444 2628 maJes-

376 2639 512 2689 ‘tatis
529 2652 664 2690 reos.

376 2712 386 2719 '
445 2714 550 2765 Sed
575 2714 869 2768 mobilitate
889 2716 1104 2781 ingenii,
1133 2724 1220 2767 ant
1243 2718 1449 2779 inertia,

383 2796 439 2842 et
462 2806 624 2857 pravo
664 2793 1070 2859 paedagogorum
1094 2796 1328 2858 consilio,
1357 2810 1449 2845 eos

383 2882 504 2918 mox
553 2868 797 2919 liberavit
837 2868 894 2919 in
940 2869 1160 2921 exitium
1203 2884 1352 2919 suum
1393 2876 1453 2920 et

385 2938 614 3009 Reipub.

403 3080 410 3087 ι
449 3016 736 3083 Inar-mian]
767 3019 1012 3071 Nondum
1035 3019 1276 3071 instructi
1287 3020 1448 3084 justis

378 3093 541 3144 'armis
564 3095 830 3159 classiarii,
868 3095 989 3159 quia
1025 3097 1252 3147 nondum
1289 3098 1342 3145 in
1365 3110 1448 3146 or-

384 3168 557 3220 dinem
591 3176 684 3221 ant
703 3183 971 3220 numerum
1002 3171 1222 3235 legionis
1243 3186 1449 3237 compo-

385 3236 478 3294 'siti
512 3251 676 3296 erant.
741 3244 902 3295 Forte
925 3250 1128 3295 tantum
1163 3245 1350 3310 gladiis
1374 3246 1452 3296 in·

391 3318 594 3369 structi.

454 3400 478 3427 ⁸
507 3396 668 3459 Atque
699 3395 820 3459 ipsis
855 3394 1002 3445 etiam
1039 3396 1121 3459 qai
1160 3396 1451 3461 occiderant]

387 3470 518 3521 com
567 3483 664 3534 per
711 3471 1083 3521 immanitatem
1130 3471 1280 3521 saevit
1316 3472 1456 3535 prin·

383 3545 538 3610 ceps,
569 3544 872 3610 ipsisetiam
912 3546 1224 3598 satellitibus
1245 3547 1454 3598 horren-

386 3619 482 3671 dus
503 3626 560 3672 et
579 3621 773 3671 invisus
792 3628 889 3671 est.

450 3692 472 3728 ¹
498 3695 700 3746 Inducta
732 3696 914 3758 leg-ione
947 3696 1192 3761 Hispano]
1247 3698 1312 3748 Id
1349 3703 1451 3763 est,

387 3777 448 3822 ut
467 3769 593 3822 mibi
614 3770 822 3837 quidem
845 3770 1078 3835 videtur,
1104 3773 1304 3837 septima
1329 3774 1449 3823 Gal-

385 3846 545 3910 biana,
577 3846 872 3911 conscripta
905 3862 938 3897 a
969 3848 1140 3899 Galba
1173 3863 1239 3899 ex
1261 3848 1453 3898 habitis

383 3922 442 3971 in
475 3920 734 3986 Hispania
755 3920 1054 3986 dilectibus,
1075 3930 1139 3973 ut
1156 3923 1338 3973 volunt
1357 3924 1453 3975 Ta·

390 3996 524 4048 citus
555 3996 698 4050 ΗΜ.
721 4010 812 4048 ιιι.
848 3998 956 4049 Dio
976 3999 1017 4049 1.
1033 4012 1120 4051 nv.
1155 4006 1213 4049 et
1234 4000 1451 4050 Sueten.

387 4070 546 4122 Galb.
582 4076 664 4126 ιο.
728 4073 858 4127 Qua
881 4079 1058 4127 tamen
1089 4074 1144 4124 ln
1179 4073 1453 4139 Illyricum

389 4142 514 4199 ante
537 4146 648 4214 eju·
667 4154 891 4201 mortem
906 4149 1066 4205 minsa
1088 4144 1312 4218 videtur,
1342 4148 1453 4203 An·

1518 1124 1663 1175 tonio
1686 1123 1852 1190 primo
1888 1125 2062 1190 legato
2098 1121 2364 1187 imposito,
2401 1127 2465 1172 at
2482 1121 2586 1172 boc

1518 1202 1633 1251 loco
1653 1201 1966 1251 mentionem
1986 1197 2125 1249 illius
2146 1199 2279 1248 ratio
2300 1211 2399 1247 non
2416 1197 2589 1262 patia-

1522 1285 1625 1327 tur.

1587 1351 1649 1401 In
1694 1349 1948 1402 seditione
1989 1339 2297 1401 Othoniana‘
2334 1362 2586 1414 nusquam

1520 1431 1753 1477 occurrit
1789 1427 2016 1490 Hispana
2056 1427 2198 1488 legio,
2236 1439 2338 1474 non
2383 1425 2437 1475 in
2481 1425 2583 1476 hoe

1518 1503 1687 1554 Taciti
1710 1503 1861 1565 libro,
1898 1515 2065 1567 neque
2088 1501 2226 1565 apud
2256 1500 2587 1564 Scriptorum

1522 1593 1831 1645 quenquam,
1854 1579 1951 1627 nisi
1974 1579 2110 1626 inter
2134 1589 2386 1626 armornm
2412 1573 2591 1624 turbas

1524 1654 1697 1704 omnia
1730 1661 2091 1718 pervagantes,
2126 1653 2222 1701 soli
2258 1651 2445 1715 ignave
2466 1665 2589 1701 con·

1520 1731 1830 1797 quieverint.
1863 1729 2085 1779 Sacilias.

1590 1809 1790 1856 [adactu
1804 1807 1986 1868 legione
1998 1804 2245 1869 Hispano]
2266 1805 2435 1853 Unam
2456 1803 2591 1852 bane

1512 1885 1780 1950 legionem
1798 1887 2183 1948 conscripserat
2202 1882 2370 1932 Galba
2390 1881 2443 1930 in
2466 1881 2591 1931 His·

1524 1961 1702 2024 pania,
1741 1967 1799 2010 et
1835 1967 2113 2026 propterea
2146 1957 2409 2010 Galbiana
2442 1956 2592 2008 dicta

1525 2041 1627 2097 est,
1665 2050 1782 2100 qnae
1804 2035 1857 2084 in
1896 2035 2221 2085 Pannoniam
2253 2033 2411 2083 missa
2450 2030 2593 2080 haud

1525 2109 1703 2172 dubie,
1756 2118 2031 2175 postquam
2093 2109 2271 2159 urbem
2332 2109 2591 2172 ingressus
2680 2137 2694 2151 .

1524 2183 1627 2237 fnit
1648 2186 1837 2236 Galba.
1894 2187 2001 2236 Cur
2024 2191 2196 2236 autem
2218 2186 2357 2235 illam
2374 2184 2591 2234 Tacitus

1526 2263 1665 2313 inter
1696 2277 1875 2313 causas
1908 2267 2139 2313 motuum
2163 2261 2389 2312 civilium
2411 2273 2593 2310 recen·

1524 2326 1646 2390 set?
1710 2339 1873 2404 Puto,
1912 2340 2103 2419 nullam
2125 2353 2189 2389 ea
2231 2339 2369 2403 legio
2403 2338 2594 2403 prioris

1524 2424 1693 2467 motus
1726 2416 1993 2466 materiam
2035 2414 2206 2478 dedit,
2249 2428 2415 2480 neque
2454 2414 2595 2463 illins

1525 2492 1787 2556 particeps
1812 2491 1930 2554 fuit,
1952 2493 2073 2541 dum
2100 2492 2302 2541 viveret
2318 2491 2506 2541 Galba.

1592 2568 1668 2619 At
1690 2576 1809 2633 post
1834 2567 2074 2630 Galbam,
2110 2567 2223 2617 haec
2246 2567 2385 2631 legio
2417 2566 2515 2617 fnit
2537 2566 2595 2615 in

1527 2644 1763 2708 partibus
1786 2642 2031 2705 Othonis,
2052 2640 2173 2690 dein
2196 2642 2555 2691 Flavianorum
2575 2657 2594 2703 ;

1530 2721 1707 2785 sicque
1728 2720 1781 2769 in
1805 2723 2007 2783 partem
2030 2717 2173 2767 venit
2198 2716 2448 2767 bellorum
2470 2717 2600 2767 civi-

1530 2795 1681 2844 lium:
1718 2794 1807 2844 sed
1848 2808 1941 2843 cur
1978 2792 2045 2843 ab
2068 2793 2277 2843 Othone
2310 2799 2418 2843 stat
2454 2793 2599 2856 legio

1533 2869 1828 2920 Galbiana?
1863 2868 1947 2917 vel
1993 2865 2132 2918 forte
2179 2883 2429 2919 consensu
2472 2863 2601 2917 alia-

1532 2960 1645 2997 rum
1669 2950 1835 3008 rapta,
1859 2945 1944 2994 vel
1968 2944 2235 2995 avaritiam
2270 2944 2451 2995 Galbae
2475 2960 2597 3009 per·-

1530 3027 1677 3081 ta’sa,
1696 3018 1841 3083 cujus
1864 3032 2053 3068 novum
2072 3018 2341 3085 imperium
2362 3018 2599 3071 firmave-

1530 3102 1629 3157 rat,
1681 3095 1821 3145 nullo
1858 3094 1941 3143 vel
1982 3094 2169 3158 exigno
2201 3104 2421 3159 accepto
2462 3096 2601 3145 tanti

1528 3170 1702 3221 meriti
1720 3170 1951 3234 praernio.
2012 3170 2114 3219 Vel
2139 3172 2329 3236 potius,
2346 3171 2470 3236 quia
2491 3186 2599 3221 non

1530 3248 1747 3310 amplius
1768 3248 1977 3297 viveret
1997 3246 2191 3310 Galba,
2204 3255 2261 3298 et
2282 3263 2387 3313 quo
2404 3249 2601 3313 plures,

1531 3323 1742 3374 tandem
1765 3338 1937 3373 omnes
1959 3324 2335 3375 concedebant.

1598 3398 1708 3449 Cur
1730 3400 1865 3449 enim
1891 3414 1946 3448 se
1965 3398 2152 3449 darent
2167 3399 2382 3451 vitellio
2400 3398 2599 3464 ignoto,

1532 3474 1703 3538 potius
1727 3489 1877 3539 qnam
1900 3474 2203 3539 propinquis
2220 3474 2514 3539 legionibus
2538 3484 2599 3527 et

1532 3550 1751 3613 Othoni,
1804 3550 1893 3614 qni
1944 3548 2084 3601 forte
2138 3551 2335 3615 primus
2384 3551 2597 3603 auditus

1530 3632 1677 3686 erat3
1712 3630 1801 3675 ant
1836 3623 2009 3689 potius
2048 3624 2276 3676 Antonio
2301 3626 2481 3676 Primo
2520 3627 2596 3679 le·

1526 3706 1652 3765 ‘gato
1669 3703 1689 3750 ?

1595 3777 1762 3841 quue
1784 3776 1975 3843 partim
1997 3774 2137 3828 forte
2160 3776 2382 3838 ratione,
2404 3775 2599 3841 partim

1528 3852 1864 3903 necessitate.
1930 3853 2050 3905 Quo
2093 3852 2288 3917 plnres,
2331 3866 2394 3901 eo
2435 3851 2599 3903 facile

1529 3928 1805 3978 trabuntur
1816 3942 1991 3977 omnes
2008 3945 2024 3990 ς
2048 3942 2163 3977 nam
2181 3936 2273 3977 aut
2290 3928 2599 3978 certandum

1528 4000 1645 4066 fuit,
1681 4009 1771 4053 ant
1792 4002 2155 4068 approbandus
2179 4002 2420 4066 princeps
2442 4017 2599 4069 quem

1528 4076 1761 4143 logione·
1784 4077 1901 4127 alio
1922 4076 2243 4141 delegerant.

1536 4146 1545 4155 ”
1584 4150 1843 4220 ‘Hispana
1871 4150 1994 4206 Non
2012 4150 2148 4221 quod
2168 4159 2310 4205 esset
2326 4150 2518 4219 legioni
2540 4150 2597 4202 id
