2893 4742
172 342 233 394 J.
257 341 321 394 c.
343 339 451 404 OQ]

848 331 1382 391 nis-rosunum
1434 332 1583 387 mn.
1633 334 1719 384 u.
2207 317 2387 386 2573

173 483 397 561 strage
420 493 767 560 corporum
806 475 981 554 viae3
1047 493 1183 559 quo
1228 475 1381 558 plus
1426 472 1652 540 caedis*
1695 473 1857 538 mit:
1921 493 2138 558 neque
2181 476 2384 568 enim,

180 578 499 645 civilibus
557 576 795 653 bellis,¹
856 577 1039 658 eapti
1092 577 1162 640 in
1207 575 1535 658 proedam⁰
1586 579 1938 640 vertuntur.
2025 575 2392 640 Suetonius*

180 775 465 826 Immensum
495 773 613 822 illud
644 773 773 822 iter.-
820 772 841 820 s·

842 773 1065 836 mpedim-
1100 771 1193 820 viae
1222 774 1503 822 “dmm
1540 777 1731 834 strage:
1781 787 1869 835 quo
1903 773 2052 832 παύω·
2085 771 2386 832 cladesfnaeite

175 853 395 902 namque,
416 838 638 888 civilibus
657 836 808 900 bellis,
828 838 1007 900 captivi
1026 852 1119 885 aon
1150 841 1416 898 servovum,
1449 849 1542 885 non
1577 839 1844 886 emuntur
1863 841 1944 885 aut
1967 841 2200 886 emuntur.
2266 835 2384 887 Sue-

1106 964 1458 985 ‘orbecco-ecee

246 1049 277 1094 1
312 1043 399 1094 Ita
421 1043 548 1094 Mas.
578 1044 721 1094 Flor.
744 1043 879 1108 Reg.
901 1043 1058 1095 Corb.
1082 1041 1210 1108 Agr.
1232 1043 1395 1094 editio
1418 1044 1684 1109 princeps,
1707 1042 1938 1107 Ryckius
1973 1049 2030 1093 et
2052 1043 2386 1093 recentiores.

1180 1231 1230 1280 N
1238 1227 1393 1280 01*AE

181 1358 411 1409 abfuisse
434 1360 607 1409 hostes
626 1359 771 1409 dicit.
827 1360 1102 1424 Docetque
1122 1359 1244 1410 huie

180 1433 397 1483 consilio
440 1431 757 1497 refragatum
796 1449 905 1482 esse
931 1435 1244 1494 Paulinum3

176 1509 277 1558 sed
302 1508 686 1572 disputantibus
704 1509 919 1558 ducibus
934 1508 1244 1558 adventasse

182 1583 483 1647 Numidam,
522 1585 729 1634 nomine
770 1584 1014 1644 Othonis,
1048 1584 1134 1647 qui
1160 1584 1245 1647 ju-

180 1659 338 1708 beret
366 1660 485 1708 duci
523 1660 699 1709 statim
740 1659 987 1708 adversm
1024 1658 1246 1719 hostem,

181 1733 272 1798 qui
299 1738 376 1785 16.
400 1735 621 1783 millibus
658 1749 795 1797 pass.
832 1735 951 1782 hinc
992 1735 1243 1784 distabat.

183 1809 361 1858 Duces
400 1809 559 1874 igitur
612 1809 787 1859 statim
848 1810 981 1856 viam
1026 1809 1243 1871 ingrcssi

186 1890 329 1946 sunt,
361 1891 417 1933 et
456 1899 681 1948 pugnam
720 1885 1037 1946 commisere,
1059 1892 1114 1932 ut
1131 1884 1242 1948 jus-

186 1975 299 2008 sum
352 1967 485 2010 erat.
572 1961 741 2022 Igitur
784 1960 849 2008 ad
898 1964 977 2008 16.
1022 1959 1247 2008 milliaria

186 2036 447 2098 progressi
468 2035 771 2096 Othoniani,
790 2035 989 2083 scilicet
1012 2036 1027 2062 ‘
1044 2034 1111 2082 ad
1129 2048 1249 2082 con-

182 2111 405 2162 fluentes
442 2108 577 2162 Padi
610 2118 665 2160 et
705 2111 944 2170 Addua&
984 2121 1041 2158 ut
1076 2120 1250 2160 castra

184 2190 371 2238 castris
431 2187 742 2238 conferrent.
833 2188 975 2240 Quin
1040 2200 1250 2248 prorsus

184 2262 499 2310 conveniant
533 2268 792 2321 auctores,
837 2266 1037 2310 tautum
1074 2260 1251 2309 obstat

188 2339 261 2399 id,
284 2339 423 2404 quod
448 2353 540 2402 pro
563 2337 779 2388 cottsilio
812 2335 969 2387 affert
1002 2337 1253 2386 Paulinus

188 2433 239 2467 c.
258 2424 341 2468 4⁰.
372 2420 389 2446 ‘
414 2418 639 2481 objicere
654 2418 810 2478 hosti,
830 2431 933 2467 non
948 2418 1253 2479 admissuro,

189 2510 293 2560 quo
333 2496 497 2543 miuus
529 2494 803 2557 expeditus
840 2498 897 2541 et
918 2493 1007 2541 vix
1029 2498 1251 2556 quatuor

188 2570 355 2619 millia
394 2584 635 2633 passuum
682 2582 1000 2631 progressus,
1040 2575 1134 2616 aut
1178 2568 1250 2615 in-

190 2647 507 2709 compositos
544 2646 595 2694 in
630 2644 853 2706 agmine,
876 2651 967 2693 aut
990 2644 1249 2707 dispersos

190 2730 247 2774 et
268 2724 458 2773 vallum
482 2723 753 2771 molientes
780 2720 1187 2784 aggrederetur?

258 2798 411 2851 Quod
452 2812 553 2847 non
592 2798 846 2861 intelligo,
868 2810 963 2845 nec
986 2797 1113 2847 satis
1135 2810 1255 2847 con·

192 2874 333 2936 cilio,
350 2873 449 2923 nisi
469 2872 730 2935 intelligat
766 2870 1033 2931 Paulinus,
1055 2872 1255 2921 hostem

192 2962 526 2999 occursurum
550 2946 873 3009 Othonianis,
892 2949 945 2996 ἐκ
968 2946 1157 3008 agmine
1180 2946 1256 2995 in·

192 3025 515 3095 compositis,
554 3026 841 3087 expeditum,
874 3024 927 3071 id
968 3030 1067 3081 est,
1102 3022 1256 3073 nullis

195 3100 405 3150 sarcinis
442 3114 655 3163 gravem
698 3106 793 3148 aut
838 3098 1254 3162 impedimentis;

196 3183 254 3225 et
284 3176 367 3224 vix
402 3179 601 3239 quatuor
620 3174 773 3223 millia
800 3188 1021 3236 passuum
1041 3188 1257 3236 progres-

193 3266 317 3313 stua,
338 3257 393 3300 et
416 3250 559 3314 quasi
590 3256 854 3298 recentem
884 3262 913 3297 e
936 3250 1039 3297 suis
1072 3249 1257 3299 castris

198 3327 491 3376 advectum.
560 3325 689 3374 Cum
712 3331 898 3373 contra
930 3323 1259 3375 Othonianus

197 3400 346 3450 miles
352 3399 465 3461 jam
481 3398 669 3449 itinere
682 3397 957 3447 duodecim
970 3399 1261 3448 milliarium

186 3474 369 3538 sessus,
393 3474 594 3523 sarcinis
619 3475 807 3536 grauis,
834 3474 971 3535 lixis,
994 3475 1263 3537 vehiculis,

198 3552 445 3603 machinis
500 3552 923 3615 impeditissimus
978 3552 1267 3613 incederet,

201 3630 541 3693 omnibusque
580 3628 646 3679 ad
686 3629 925 3681 vallanda
962 3636 1135 3679 eastra
1178 3643 1267 3679 ne-

204 3705 441 3756 cessariis
464 3710 695 3754 onustus.

266 3783 339 3831 Et
361 3780 571 3829 videtur
592 3779 879 3829 illustrasse
893 3780 1127 3830 Tacitum
1142 3780 1267 3830 Plu·

205 3858 437 3915 tarchus,
482 3870 543 3905 ac
578 3854 831 3916 firmasse,
872 3855 914 3903 si
955 3854 1087 3904 bene
1122 3855 1279 3926 cepit·

202 3933 365 3995 ipsius
386 3938 637 3991 mentem,
676 3944 793 3981 cum
827 3929 1025 3979 diserte
1050 3937 1106 3979 et
1126 3932 1268 3981 clare

206 4009 353 4069 dicit,
372 4005 600 4056 abfuisse
622 4006 823 4055 hostem
848 4009 927 4055 16.
946 4004 1269 4069 milliaribus,

206 4090 261 4133 et
292 4084 345 4133 in
380 4084 549 4147 ipsum
574 4082 890 4133 Othonianos
927 4081 1087 4130 duces
1120 4081 1267 4145 jussu

210 4159 473 4226 Kuuidae,
491 4172 583 4211 seu
600 4158 842 4222 Othonis,
861 4159 971 4221 ipss
982 4157 1163 4209 eadem
1181 4157 1268 4209 die

1327 1359 1676 1410 contendisse.

1389 1436 1578 1499 Itaque
1603 1436 1798 1498 peritus
1833 1433 1957 1484 belli
1981 1433 2232 1482 Paulinus
2255 1447 2388 1496 prae·

1326 1511 1560 1572 videbat,
1591 1512 1788 1572 hostes,
1833 1510 2012 1564 statim
2077 1517 2236 1573 atque
2293 1522 2388 1572 per

1325 1588 1676 1649 exploratores
1735 1586 2125 1649 comperissent,
2165 1597 2280 1632 esse
2332 1583 2388 1631 in

1324 1661 1510 1710 itinere
1545 1660 1886 1722 Othonianos,
1925 1673 2026 1707 nou
2060 1657 2392 1718 admissuros,

1326 1735 1445 1799 quin
1483 1735 1737 1798 progressi
1772 1749 1802 1782 e
1835 1735 2018 1782 castris
2055 1732 2278 1792 obviam,
2299 1746 2390 1780 ex·

1324 1811 1490 1873 pediti
1513 1818 1568 1860 et
1593 1817 1848 1871 recentes,
1882 1823 2044 1873 usque
2063 1809 2126 1858 ad
2150 1811 2200 1858 3.
2223 1815 2314 1858 aut
2336 1813 2386 1858 4.

1324 1887 1586 1946 milliaria,
1609 1885 2018 1949 aggrederentur
2041 1884 2124 1933 via
2147 1881 2312 1934 fessos
2333 1890 2392 1932 et

1328 1963 1540 2012 sarcinis
1583 1975 1768 2024 graves
1813 1960 2158 2020 Othonianos,
2203 1970 2292 2008 aut
2335 1959 2392 2008 in

1329 2037 1532 2098 agmine
1574 2051 1664 2086 seu
1709 2037 1916 2095 itinere,
1976 2041 2068 2084 aut
2110 2035 2392 2097 dispersos,

1330 2127 1444 2160 cum
1473 2113 1654 2162 vallum
1697 2113 2020 2170 molirentur,
2047 2111 2090 2159 si
2112 2109 2248 2158 forte
2280 2110 2397 2173 ipsa

1330 2187 1415 2236 die
1456 2189 1644 2238 vallum
1690 2188 1888 2237 munire
1947 2185 2250 2246 Othoniani,
2291 2199 2390 2234 nec
2493 2219 2496 2222 -

1330 2266 1508 2314 statim
1542 2277 1774 2327 pugnare
1795 2264 2006 2312 vellent.
2073 2261 2144 2310 Et
2165 2260 2282 2310 ideo
2305 2275 2396 2310 no-

1332 2340 1474 2389 lebat
1505 2341 1600 2390 hac
1623 2341 1690 2389 de
1723 2353 1878 2395 causa
1899 2337 2128 2402 objicere
2147 2336 2279 2387 hosti
2301 2335 2394 2385 mi·

1332 2416 1478 2465 litem
1499 2415 1583 2463 via
1606 2414 1813 2473 fessum,
1833 2416 1929 2462 dte.

1352 2524 1363 2537 .
1395 2490 1662 2539 Vitelliani
1687 2503 1788 2538 non
1811 2488 2016 2537 obviam
2044 2487 2206 2536 issent
2231 2486 2396 2536 Otho-

1330 2564 1495 2614 nianis
1518 2578 1680 2628 usque
1705 2564 1772 2613 ad
1795 2570 1986 2624 castra,
2006 2578 2120 2626 quas
2145 2563 2396 2627 relinque-

1331 2640 1458 2689 bant
1479 2640 1574 2703 ipsi
1597 2639 1901 2696 Othoniani,
1923 2638 2016 2686 sed
2039 2639 2092 2686 in
2123 2638 2306 2687 itinere
2329 2652 2396 2687 ex

1332 2714 1687 2779 suppositione
1711 2713 1936 2773 Paulini,
1951 2713 2298 2761 occurrissent
2318 2714 2392 2775 ip·

1332 2791 1401 2839 sis
1456 2790 1725 2839 Vitelliani
1762 2787 1995 2850 expediti
2045 2786 2110 2835 ad
2143 2790 2196 2835 4.
2234 2788 2398 2836 millia

1335 2880 1369 2913 a
1402 2864 1506 2913 suis
1535 2864 1736 2925 castris,
1751 2864 1862 2914 scil.
1895 2860 2221 2911 Vitellianisz
2257 2863 2396 2925 quod

1336 2954 1400 2991 eo
1438 2955 1563 2990 casu
1607 2939 1972 2998 contraxisset,
2006 2936 2396 3000 brevioremque

1337 3018 1472 3065 viam
1517 3016 1930 3065 Othonianorum
1983 3011 2233 3073 fecissen
2301 3013 2398 3062 sed

1334 3093 1552 3153 hostem,
1587 3106 1702 3140 cum
1735 3104 1835 3138 uon
1861 3087 2062 3137 obviam
2087 3089 2303 3148 veniret,
2323 3088 2398 3135 ul-

1336 3174 1421 3217 tro
1440 3166 1738 3217 lacessitum
1771 3166 1977 3213 iverunt
2010 3162 2292 3213 Othoniani
2317 3178 2400 3213 us-

1338 3258 1437 3307 que
1459 3241 1526 3294 ad
1551 3248 1631 3293 16.
1653 3241 1908 3301 milliaria,
1941 3254 2264 3305 quocumque
2285 3242 2400 3291 loco

1338 3328 1518 3371 essent
1538 3319 1761 3368 hostium
1779 3324 2034 3380 castra,et
2047 3331 2400 3381 quoscumque

1338 3397 1622 3462 confluentes
1644 3397 1744 3460 ipsi
1773 3396 2021 3456 adierint;
2067 3410 2186 3445 nam
2222 3394 2288 3445 de
2321 3396 2400 3445 his

1344 3486 1448 3523 non
1484 3472 1610 3523 satis
1642 3476 1850 3521 constat
1877 3470 2016 3535 apud
2050 3470 2286 3521 'henum
2310 3478 2402 3521 aut

1344 3550 1700 3600 Plutarchum.

1411 3626 1430 3659 ⁸
1465 3626 1570 3681 Quo
1601 3626 1710 3687 plus
1727 3624 1892 3687 cedis]
1951 3622 2175 3672 Videtur
2211 3620 2401 3673 afferre

1344 3702 1430 3751 hic
1454 3700 1716 3764 duplicem
1737 3700 1990 3749 rationem
2015 3712 2108 3747 cur
2123 3698 2229 3760 plus
2261 3699 2406 3747 eoedis

1344 3775 1522 3837 fuerit,
1545 3790 1730 3839 nempe
1751 3781 1808 3825 et
1836 3775 1960 3840 quia
1977 3773 2225 3822 obstructa
2243 3777 2404 3831 strage

1344 3866 1586 3915 corporum
1605 3852 1717 3912 vies,
1753 3857 1811 3901 et
1831 3850 1956 3916 quia
1973 3848 2194 3898 civilibus
2221 3847 2406 3911 proeliis

1345 3929 1472 3991 capti
1493 3943 1585 3977 stoa
1605 3928 1658 3976 ia
1675 3929 1884 3991 proedum
1915 3928 2179 3973 vacuatur.
2247 3924 2404 3973 Forte

1347 4004 1448 4067 leg.
1470 4018 1616 4067 aeque
1637 4004 1800 4063 etiamn,
1821 4016 1915 4065 pro
1936 4010 2078 4063 neque
2095 3998 2238 4047 enim.

1411 4087 1435 4111 ¹¹
1472 4081 1634 4143 Neque
1672 4080 1797 4129 enim
1828 4072 2042 4125 civilibtis
2065 4074 2250 4137 pretiis
2279 4076 2408 4136 capti

1344 4156 1396 4205 ist
1408 4155 1648 4221 ριν-σάω]
1679 4154 1832 4209 Quod
1855 4150 2056 4216 antiqui
2081 4154 2227 4201 certe
2249 4148 2406 4207 moris
