2893 4742
940 361 1479 423 ntsroamuuu
1525 372 1677 423 Lu.
1716 374 1798 425 u.
2281 360 2460 429 20oe

234 532 458 597 quam
476 513 601 579 tibi
627 512 1102 596 magnificum-⁵
1166 512 1383 580 Juxta
1410 510 1647 593 Deosf
1667 511 1768 580 in⁶
1792 517 1910 581 tua
1934 532 2138 579 manu
2161 518 2460 599 positum

234 620 375 681 eet.
465 614 617 679 Nec
669 616 965 699 speciem
1023 615 1357 681 adulantis
1403 618 1766 701 expaveris
1789 626 1836 683 :⁸
1887 624 1956 681 a⁷
2003 616 2459 699 contumelia?

234 376 309 429 J·
332 376 397 427 0.
418 372 533 439 0.]

238 776 481 842 Reipub.
505 794 566 828 ac
592 778 686 829 tibi
711 780 985 844 gloriosus,
1014 786 1070 830 et
1091 787 1213 844 post
1234 779 1375 831 Deos
1398 783 1452 831 in
1479 788 1567 832 tua
1591 787 1858 845 potestate
1890 782 2089 845 positus
2109 787 2207 831 est.
2275 780 2464 844 Neque

234 856 328 892 ἰιι
346 844 492 908 quasi
510 850 861 893 assentantem
878 844 1231 895 exhort-ueris:
1258 845 1463 909 longius
1488 844 1718 895 abfuerit
1737 862 1769 896 a
1789 845 2000 909 decore,
2020 860 2172 909 quam
2199 858 2228 893 a
2249 842 2472 909 flagitio,

1186 978 1241 999 00
1247 979 1547 1001 ”OmOOOO

244 1059 407 1112 editi.
490 1060 554 1111 In
586 1062 691 1113 Ms.
727 1061 867 1112 Flor.
904 1067 989 1112 «at
1022 1078 1115 1113 m
1144 1068 1271 1113 certe
1306 1078 1399 1113 noa
1435 1066 1652 1113 mum.
1745 1064 1878 1115 Inde
1929 1063 2066 1113 male
2121 1067 2295 1113 tentat
2346 1062 2468 1118 Jac.

246 1125 563 1189 Gronovius,
592 1132 679 1175 sut
708 1142 821 1187 m,
853 1132 979 1177 cente
1012 1142 1103 1176 soa
1141 1130 1358 1177 «mnam.
1405 1129 1730 1178 Erotion—o
1765 1129 1850 1178 Sic
1889 1130 2024 1179 bene
2055 1128 2184 1178 Mss.
2218 1127 2466 1177 Puteola-

242 1202 357 1238 nus
399 1195 453 1238 et
496 1190 833 1240 recentiores.
901 1190 964 1239 In
998 1190 1228 1240 editione
1260 1192 1518 1255 principe,
1553 1195 1713 1255 nupsi
1882 1193 2035 1253 ,iaxta
2081 1192 2240 1241 Deos.-
2271 1192 2326 1240 ia
2361 1196 2468 1251 tuo,

242 1254 340 1317 qe.
378 1252 706 1303 Brotier.—fl
750 1254 962 1320 Aemicus
990 1254 1176 1317 Ryckii
1214 1256 1425 1319 legebat
1464 1257 1518 1305 id
1549 1257 1604 1306 ia
1641 1262 1743 1317 tuo,
1777 1258 1960 1319 &ce—'1
1995 1256 2082 1305 Sic
2117 1261 2262 1305 recte
2297 1253 2468 1305 adhue

247 1317 387 1369 Mas.
424 1316 575 1370 Harl.
613 1318 767 1367 Bodl.
798 1318 911 1369 Jes.
947 1320 1269 1369 Puteolanus
1306 1329 1364 1370 et
1398 1322 1735 1371 recentiores.
1801 1320 1864 1369 In
1899 1320 2031 1371 Mas.
2065 1320 2198 1383 Reg-
2232 1318 2386 1371 Corb-
2409 1326 2469 1369 et

1251 1448 1465 1501 NOTAE

322 1536 344 1571 f
366 1540 524 1591 Juxta
554 1540 709 1605 Deos]
762 1541 921 1603 Puto,
950 1541 1047 1591 hoc
1086 1542 1188 1592 sibi
1209 1544 1322 1593 vult

246 1612 565 1675 Mucianus:
600 1616 953 1682 Ejusdemque
974 1618 1219 1667 momenti
1244 1615 1321 1667 fe-

246 1706 315 1742 re
339 1698 431 1743 tua
446 1694 685 1747 voluntas
703 1700 805 1759 est,
822 1708 885 1744 ac
906 1693 1135 1744 Deorum
1156 1692 1320 1745 favor.

244 1768 486 1821 Picus-u.

316 1844 479 1895 Juxta
496 1845 648 1909 Dosa]
702 1845 766 1895 Id
788 1850 891 1908 est,
921 1845 1057 1895 Post
1086 1846 1321 1897 Deorum

245 1934 470 1983 numen,
490 1934 585 1970 seu
618 1922 926 1985 potentiam,
962 1932 1127 1983 penes
1160 1928 1215 1971 te
1238 1928 1322 1971 est

188 2058 197 2067 ·
246 2010 517 2048 assumere
540 1997 829 2062 imperium,
850 1998 913 2047 ad
938 1996 1075 2062 quod
1095 2004 1151 2047 te
1174 2010 1321 2047 voco.

244 2072 345 2123 Ita
364 2072 461 2122 tibi
480 2072 652 2123 omnia
682 2070 881 2135 favent,
900 2072 977 2121 ita
1000 2084 1095 2134 pro
1115 2078 1169 2120 te
1190 2072 1322 2119 mili-

248 2153 374 2199 tant
395 2148 553 2199 totius
575 2149 733 2211 orbis,
771 2162 861 2197 seu
884 2148 1092 2212 generis
1111 2147 1319 2196 humani

249 2232 400 2286 vota,
429 2229 509 2287 ut,
528 2230 645 2287 post
678 2226 845 2285 Deos,
879 2223 949 2271 sis
980 2222 1093 2286 jam
1116 2222 1319 2285 imperii

250 2299 473 2361 arbiter,
494 2307 551 2349 ut
575 2299 845 2363 imperium
867 2298 921 2353 in
944 2306 1035 2348 tua
1056 2312 1211 2347 manu
1230 2313 1318 2363 po·

248 2374 413 2426 situm
430 2376 518 2438 sit,
539 2375 583 2425 si
598 2376 865 2437 suscipere
888 2375 1034 2424 velis.

320 2451 481 2502 Juxta
516 2451 667 2516 Deos]
713 2449 779 2499 ld
812 2457 914 2512 est,
950 2450 1183 2513 proxime
1206 2457 1323 2514 post

250 2527 422 2576 Deos.
464 2527 624 2578 Quasi
638 2524 751 2589 jam
772 2524 1003 2575 secundo
1022 2524 1139 2574 loco
1161 2533 1323 2586 esset,

250 2601 639 2667 secundamque
672 2607 793 2665 post
830 2599 971 2649 Deos
1008 2608 1322 2664 potestatem

248 2678 490 2729 haberet.
566 2677 653 2728 Sic
707 2689 863 2740 supra
918 2676 983 2724 dc
1032 2677 1322 2740 legionibus

253 2753 601 2815 Germanicis,
623 2766 663 2803 t.
686 2757 769 2802 51.
803 2753 821 2780 ‘
842 2751 1137 2801 Secundum
1156 2753 1323 2801 avari·

256 2831 385 2880 tiam
422 2837 481 2880 et
516 2829 885 2894 arrogantiam.
903 2861 918 2878 .
936 2861 949 2876 .
966 2861 981 2876 .
998 2829 1325 2878 contumacia

254 2906 525 2956 Gallorum
546 2903 779 2954 irritati.'
846 2901 911 2954 Id
932 2910 1034 2966 est,
1068 2913 1190 2968 post
1210 2919 1322 2954 ucu-

252 2981 442 3042 filiun,
459 2982 545 3043 ξε.

288 3053 293 3058 ’
322 3057 483 3104 sm
533 3053 683 3118 Deos]
748 3053 853 3104 Hic
892 3053 1076 3105 deesse
1113 3055 1323 3105 videtur

256 3131 517 3195 particula
530 3136 597 3192 et,
612 3131 695 3180 vel
716 3133 858 3194 quod,
878 3137 969 3180 aut
993 3131 1116 3195 quid
1140 3132 1325 3182 simile.

266 3207 452 3258 Temod
470 3201 721 3270 inperium
740 3223 867 3270 uoco,
885 3207 1182 3272 quodjnxta
1198 3210 1326 3258 Deos

259 3282 313 3332 ἐκ
332 3287 419 3332 tus
438 3297 579 3331 noas
595 3281 801 3345 positum
814 3287 903 3332 est.
967 3284 1069 3332 'Vel
1092 3285 1325 3348 suppleri

264 3373 359 3425 per
398 3366 625 3408 mentem
656 3357 834 3408 debet.
900 3359 1207 3421 Respondet
1244 3359 1324 3408 his

264 3433 451 3496 verbis,
480 3433 497 3462 ‘
520 3438 781 3497 promtum
808 3431 1023 3498 effectu,
1056 3439 1149 3484 aut
1181 3441 1328 3484 certe

264 3525 367 3561 non
389 3509 642 3560 arduum!

270 3597 279 3606 ·
326 3595 353 3630 s
400 3587 504 3634 Nec
540 3585 739 3649 speeiem
780 3584 1019 3634 addentis
1060 3585 1327 3650 apannis]

264 3661 557 3712 Discrimen
592 3667 682 3710 est
718 3661 857 3710 iuter
894 3661 1226 3724 adulationem,
1270 3669 1327 3712 et

263 3737 461 3802 speeiem
496 3737 798 3787 adulationis.
867 3737 1005 3788 Plin.
1042 3739 1209 3801 Epist.
1242 3751 1325 3788 vr.

264 3817 343 3864 2⁷.
364 3813 451 3862 ubi
470 3811 536 3861 de
554 3813 811 3876 Trojano:
846 3812 862 3840 ‘
886 3813 1059 3876 Rogas
1096 3819 1159 3862 ut
1190 3813 1327 3878 cogi·

267 3896 389 3952 mm,
416 3888 539 3953 qnid
562 3887 861 3951 designatus
883 3887 1063 3937 consul
1084 3889 1138 3936 in
1170 3889 1326 3938 hono-

268 3979 371 4014 rem
409 3964 657 4028 principis
704 3977 935 4012 censeas.
1026 3963 1215 4012 Facilis
1252 3965 1326 4012 in-

270 4042 462 4101 ventio,
490 4054 593 4088 non
613 4039 781 4088 facilis
802 4039 1010 4090 electio.
1076 4039 1170 4088 Est
1192 4041 1327 4090 enim

270 4133 331 4169 ex
374 4116 659 4168 virtutibus
720 4115 835 4179 ejus
884 4117 1031 4178 larga
1088 4117 1323 4169 materia.

268 4192 499 4244 Scribam
514 4196 709 4254 umes,
724 4191 829 4255 vel,
840 4190 979 4258 quod
990 4189 1147 4256 malo,
1154 4203 1330 4244 cotan

1399 1543 2020 1609 indicabo...Desiguatus
2033 1555 2131 1606 ego
2148 1541 2344 1603 consul,
2359 1554 2472 1591 om·

1400 1623 1454 1671 ni
1473 1624 1588 1685 hac,
1606 1622 1708 1672 etsi
1729 1636 1830 1673 uon
1851 1620 2168 1681 adulatione,
2189 1618 2364 1681 specie
2387 1624 2466 1667 ta·

1399 1712 1518 1747 men
1553 1698 1884 1761 adulationis,
1924 1694 2182 1745 abstinui:
2223 1708 2328 1742 nou
2349 1700 2468 1743 tan-

1400 1787 1554 1837 quam
1574 1773 1710 1822 liber
1729 1780 1787 1821 et
1804 1777 2072 1833 constans,
2100 1768 2194 1819 sed
2219 1776 2462 1833 tanquam

1400 1848 1698 1913 intelligens
1719 1849 1970 1912 principis
1987 1845 2186 1895 nostri:
2223 1846 2369 1909 cujus
2391 1842 2482 1892 vi-.

1401 1924 1588 1974 (lebam
1597 1926 1730 1974 hanc
1741 1938 1854 1973 esse
1867 1922 2182 1985 praecipuam
2191 1918 2414 1980 laudem,
2423 1917 2471 1967 si

1398 2000 1526 2048 nihil
1539 2001 1683 2063 quasi
1695 2014 1762 2049 ex
1769 1998 2086 2047 necessitate
2097 1993 2472 2044 decernerem!

1467 2074 1552 2123 Sic
1571 2075 1800 2124 adulatio
1817 2074 1871 2122 in
1904 2072 2156 2136 optimum
2174 2071 2468 2135 principem

1401 2166 1446 2200 a·
1477 2164 1604 2200 vera
1647 2150 1799 2199 laude
1851 2146 1966 2197 fere
2023 2161 2124 2196 non
2169 2143 2366 2207 differt,
2412 2152 2471 2196 et

1398 2226 1632 2291 quamvis
1677 2238 1742 2275 ea
1771 2224 1842 2275 sit
1880 2223 2126 2281 adulatio,
2167 2235 2270 2271 non
2306 2219 2472 2271 habet

1402 2308 1595 2365 tamen,
1628 2301 1718 2368 qui
1757 2301 1954 2362 laudat,
1981 2298 2182 2363 speciem
2213 2296 2472 2360 delanio,

1400 2376 1493 2426 sed
1518 2391 1642 2427 vere
1663 2383 1719 2428 et
1737 2391 1806 2426 ex
1822 2377 1992 2426 animo
2015 2375 2272 2425 laudantis
2294 2373 2474 2439 imagi·

1400 2466 1520 2501 nem
1545 2449 1779 2516 praefert,
1801 2459 1858 2500 et
1879 2465 2004 2500 vere
2025 2449 2226 2499 laudat.

1467 2526 1654 2590 Sicque
1677 2525 1818 2575 nulla
1846 2522 2033 2588 flagitii
2065 2523 2329 2572 ser-vitiive
2353 2533 2472 2586 spu-

1402 2601 1512 2650 cies
1532 2601 1700 2649 inerat
1721 2601 1939 2662 consuli,
1975 2598 2064 2663 qui
2099 2600 2290 2647 multos
2309 2598 2472 2648 hono-

1400 2691 1488 2725 res
1506 2674 1818 2724 decerneret
1829 2672 2058 2735 Trqjano
2075 2671 2302 2734 principi
2321 2688 2336 2722 ι
2359 2669 2474 2725 s‘cil.

1402 2750 1524 2814 quia
1565 2764 1657 2799 eos
1690 2749 1844 2810 digno
1879 2747 2182 2811 imperatori
2219 2746 2472 2796 decerne·

1402 2826 1514 2888 bat,
1546 2832 1604 2875 et
1623 2824 1744 2889 qula
1763 2822 1890 2874 nihil
1922 2837 1988 2871 ex
2007 2820 2322 2870 necessitate
2344 2835 2469 2870 cen-

1400 2907 1557 2952 seret.
2405 2909 2412 2916 ·

1467 2977 1646 3027 Quare
1687 2972 1837 3024 addit
1879 2971 2084 3022 Plinius
2127 2970 2254 3021 ibid.
2275 2987 2290 3020 ε
2321 2969 2340 3000 ‘
2365 2971 2471 3021 tte·

1402 3052 1652 3102 cordubar
1665 3050 1842 3112 etiam,
1857 3047 2100 3111 plurimos
2115 3047 2334 3096 honores
2351 3059 2470 3109 pes·

1402 3127 1534 3178 simo
1551 3127 1738 3190 cuique
1761 3124 1992 3182 delatos,
2013 3137 2043 3170 a
2063 3122 2246 3186 quibus
2267 3121 2352 3170 hic
2375 3135 2470 3186 op·

1404 3203 1560 3253 timus
1579 3200 1807 3266 separari
1823 3211 1924 3248 nou
1947 3199 2049 3247 alio
2069 3195 2224 3247 modo
2242 3201 2471 3260 poterat,

1406 3293 1556 3344 quam
1581 3277 1883 3326 diversitate
1909 3273 2175 3336 censendi,
2213 3276 2312 3322 &120
2370 3272 2473 3322 Rs-

1406 3353 1584 3402 centia
1605 3365 1765 3414 opera
1797 3347 2008 3398 maximi
2047 3347 2300 3411 principis
2333 3361 2472 3409 proe·

1406 3427 1537 3478 bent
1570 3427 1873 3476 facultatem
1905 3437 2056 3485 nova,
2091 3436 2298 3486 magna,
2345 3435 2474 3474 vera

1405 3501 1688 3553 censendi-⁹

1470 3575 1496 3610 Β
1527 3578 1574 3626 Δ
1595 3573 1896 3638 contumelia]
1929 3573 2090 3636 Hinc,
2125 3571 2472 3638 Vespasiano,

1406 3650 1606 3714 videas,
1623 3660 1706 3700 nie
1727 3649 1822 3699 tibi
1845 3661 1944 3698 non
1961 3649 2180 3711 adulari,
2195 3663 2314 3698 cum
2331 3649 2472 3713 quod

1407 3727 1836 3778 contumeliosum
1861 3733 1959 3785 est,
1983 3725 2078 3774 tibi
2095 3725 2356 3786 suadeam,
2378 3725 2476 3774 sci·

1406 3805 1534 3854 licet
1550 3809 1656 3868 post
1683 3802 1927 3851 Vitellius·
1947 3799 2092 3862 eligi.-
2125 3798 2181 3847 id
2195 3799 2332 3846 enim
2365 3798 2474 3848 lau·

1408 3881 1526 3931 dem
1551 3887 1606 3930 et
1629 3879 1846 3942 gloriam
1873 3877 1964 3926 tibi
2001 3875 2236 3924 minuere
2257 3873 2476 3938 poterit,

1406 3958 1583 4022 potius
1605 3970 1756 4020 quam
1780 3966 1991 4017 augere.
2025 3949 2256 3999 paam.

1472 4031 1538 4082 ld
1577 4039 1680 4092 est,
1723 4031 1834 4079 Nec
1874 4029 1974 4090 per·
2004 4023 2346 4074 adulationem
2373 4023 2476 4076 tibi

1408 4109 1574 4160 offero
1593 4106 1900 4171 imperium;
1921 4103 2136 4167 propius
2151 4101 2290 4150 euim
2311 4099 2476 4151 dode-

1404 4187 1518 4242 cori
1554 4183 1714 4236 fuerit
1733 4195 1892 4249 quam
1924 4179 2090 4246 laudi,
2117 4185 2248 4246 post
2264 4179 2476 4232 vitam.
