2893 4742
2317 335 2490 402 2551

290 497 469 564 Otho
494 501 817 564 rectorem
846 497 1067 580 copiis
1090 496 1297 574 misit,
1344 497 1590 580 quibus
1634 495 1872 560 Macer
1898 493 2290 578 praefuerat3
2335 495 2491 560 laeto

284 601 495 665 milite
525 599 643 664 ad4
666 597 1089 664 mutationem
1122 599 1411 675 Ducum,
1457 605 1524 663 et
1563 598 1872 677 Ducibus
1898 596 1988 660 ob
2017 597 2288 661 crebras
2317 595 2492 660 sedi-

282 702 500 766 tiones
530 707 664 766 tam
692 701 999 764 infestam
1026 700 1331 764 militiam
1362 698 1890 781 aspernantibus.
2393 697 2400 704 '

371 802 481 866 37.
526 801 805 866 Invenio
835 800 1016 884 apud
1060 801 1389 884 quosdam
1428 807 1761 876 auctores,
1809 803 1828 832 ‘
1861 817 2116 882 pavore
2159 799 2338 876 belli,
2369 817 2490 864 seu

284 903 557 980 fastidio
606 904 943 986 utriusque
994 901 1353 985 PrincipiS,
1415 917 1696 982 quorum
1751 900 2006 981 flagitia
2059 919 2143 964 ac
2194 899 2490 964 dedecus

286 1007 608 1090 apertiore
658 1006 731 1068 in
781 1006 927 1069 dies
976 1003 1187 1067 famas
1232 1003 1694 1078 noscebantur,
1743 1000 2089 1065 dubitasse
2136 1002 2488 1078 exercitus,

282 1127 460 1186 num,
508 1107 729 1191 posito
762 1107 1157 1184 certamine,¹
1206 1105 1316 1169 vel
1360 1104 1496 1188 ipsi
1539 1105 1608 1167 in
1653 1103 1952 1168 medium
1991 1103 2494 1182 consultarent,-

286 362 341 414 ,1.
364 361 425 413 c.
448 357 557 425 su]
980 347 1516 404 msronmnuu
1563 354 1709 404 ms.
1751 355 1834 403 11.

283 1257 512 1305 conulem
532 1255 834 1317 destinatum,
864 1256 944 1318 qui
960 1259 1179 1318 preesset
1212 1255 1414 1318 agnini,
1446 1254 1567 1318 qnod
1590 1253 1758 1302 Macer
1790 1253 2019 1314 agebat,-
2047 1251 2226 1314 gaudio
2256 1250 2494 1312 gestiente

284 1321 437 1370 nuilite
456 1323 518 1370 ad
538 1322 797 1370 novitatem
824 1324 1071 1384 rectorum,
1092 1324 1141 1367 et
1162 1319 1358 1368 ducibus
1390 1319 1448 1368 ob
1473 1317 1751 1382 frequentes
1781 1318 2036 1366 discordias
2056 1324 2155 1366 tam
2173 1316 2378 1366 invisum
2400 1316 2494 1365 bel·

278 1385 375 1432 lum
397 1385 737 1447 spernentibus.

350 1449 553 1510 Reperio
584 1451 711 1511 apud
754 1448 999 1496 nonnullos
1038 1447 1303 1509 scriptores,
1352 1445 1630 1496 formidine
1672 1445 1818 1508 belii,
1863 1460 1954 1495 seu
1997 1451 2262 1496 contemtu
2300 1445 2491 1494 utrius-

280 1527 383 1576 que
436 1514 780 1576 imperatoris,
832 1527 1047 1576 quorum
1095 1511 1222 1559 vitis
1272 1519 1433 1576 utque
1484 1511 1696 1561 infamia
1744 1511 1963 1561 clariore
2016 1511 2068 1558 in
2121 1510 2236 1559 dies
2279 1518 2486 1560 rumore

281 1576 665 1640 aperiebantur,
717 1575 1035 1626 deliberasse
1086 1575 1333 1641 legiones,
1392 1591 1536 1639 num,
1604 1574 1789 1625 omissa
1837 1574 2192 1637 contentione,
2244 1575 2331 1623 vel
2385 1573 2488 1639 ipsi

1206 1688 1562 1710 OOOOONJOOOO

282 1769 705 1831 turudum-eursu.
755 1771 1080 1821 Breuem—4
1114 1771 1201 1820 Sic
1232 1771 1365 1821 bene
1388 1771 1492 1820 Ms.
1529 1771 1660 1835 Reg.
1697 1775 1898 1820 veteres
1927 1783 1988 1818 sc
2028 1767 2343 1819 recentiores
2377 1764 2488 1816 edi·

280 1836 465 1884 tiones.
532 1834 595 1884 In
618 1837 749 1884 Mss.
774 1835 909 1885 Flor.
934 1835 1062 1898 Agr.
1085 1835 1257 1886 Guelf.
1298 1835 1443 1886 Harl.
1467 1835 1618 1884 Bodl.
1644 1835 1750 1886 Jes.
1789 1834 2026 1898 Ryckius
2048 1848 2110 1885 ac
2143 1833 2259 1884 Jac.
2283 1831 2487 1882 Grono-

280 1899 410 1964 vius,
432 1904 479 1948 et
500 1901 563 1948 aa
584 1900 905 1951 mutationem.
970 1901 1035 1950 ln
1060 1901 1164 1952 Ms.
1186 1900 1336 1950 Harl.
1358 1907 1545 1964 postes
1567 1899 1738 1950 deleta
1761 1900 1968 1963 copula,
1990 1903 2055 1949 st.
2121 1895 2291 1948 Idem.

1270 2025 1488 2077 NOTAE

274 2123 349 2172 lio
374 2131 495 2186 post
516 2123 817 2176 victoriam:
853 2126 992 2178 unde
1016 2132 1071 2176 et
1093 2125 1195 2176 illis
1229 2132 1338 2176 tum

276 2198 549 2261 prefuisse
570 2201 745 2264 colligi
768 2203 949 2264 possit.

340 2281 365 2316 Ρ
405 2276 621 2326 Fluvium
643 2277 895 2342 Sabinum
928 2279 1031 2332 Qui
1054 2279 1285 2329 diversus
1306 2293 1339 2328 s

270 2349 485 2412 Sabino,
528 2351 787 2417 praefecto
832 2355 995 2418 urbis,
1039 2355 1125 2421 qui
1172 2353 1339 2405 frater

274 2427 599 2492 Vespasiani.
639 2430 765 2491 Iste,
789 2430 855 2481 de
879 2447 981 2496 quo
1003 2432 1087 2483 hic
1107 2430 1337 2493 Tacitus,

275 2503 451 2550 consul
504 2503 803 2567 designatius
853 2506 921 2555 ab
966 2506 1175 2557 Othone
1219 2521 1335 2557 cum

278 2578 438 2629 Caelio
478 2580 667 2631 Sabino
712 2582 763 2631 iu
802 2582 923 2653 Kal²
968 2582 1155 2634 Julius.
1222 2582 1337 2633 Nec

276 2663 421 2705 certe
461 2656 741 2721 praefectus
782 2659 923 2709 urbis
957 2660 1139 2710 urbem
1182 2661 1338 2709 relin-

276 2732 489 2796 quebat,
509 2736 795 2797 praesertim
819 2736 1035 2787 absente
1060 2736 1313 2801 principe.

339 2810 559 2859 Flavium
576 2810 826 2876 Sabinum]
876 2813 930 2863 Is
953 2814 1080 2863 alius
1106 2829 1138 2864 a
1172 2812 1335 2865 fratre

275 2884 602 2949 Vespasiani,
618 2890 707 2951 qui
732 2887 989 2952 for-tejam
1012 2897 1133 2940 ante
1156 2891 1336 2955 trigin-

149 2982 171 2999 ·
274 2968 329 3010 ta
352 2977 511 3011 annos
536 2964 861 3031 consulatum
883 2964 1198 3027 obtinuerat,
1217 2980 1337 3017 mox

274 3038 691 3101 proconsulatum
736 3038 901 3102 Asioe,
939 3039 1059 3089 dein
1103 3040 1336 3090 Moesiam

274 3120 475 3177 septem
501 3114 647 3163 annis
670 3121 897 3177 rexerat,
918 3122 975 3165 ct
1008 3130 1105 3179 per
1142 3116 1337 3167 duode-

272 3189 373 3239 cim
419 3204 579 3239 anuos
623 3191 905 3254 praefectus
957 3190 1075 3240 urbi
1126 3190 1301 3243 fueret
1317 3209 1334 3242 ε

262 3264 377 3328 jem
400 3266 475 3315 sic
497 3267 768 3317 consulatu
790 3268 971 3330 major.

336 3350 361 3383 θ
394 3342 645 3405 Apertior-e
666 3342 719 3391 is
737 3343 841 3391 dies
859 3342 1022 3406 sm]
1074 3344 1213 3396 Quia
1234 3360 1335 3409 qno

272 3418 459 3469 altiore
480 3416 689 3482 fastigio
719 3420 891 3469 evecti
926 3416 1001 3469 illi
1034 3436 1203 3485 nuper
1224 3420 1335 3473 fue·

266 3502 407 3559 rant,
428 3509 493 3545 eo
516 3497 683 3547 acrius
706 3496 757 3546 in
782 3512 956 3548 eorum
978 3496 1177 3563 flagitia
1198 3496 1337 3549 fama

270 3570 588 3637 inquirebat.
619 3574 634 3598 ‘
656 3574 727 3621 Et
766 3573 961 3637 pariter
997 3573 1143 3624 fecte
1176 3581 1334 3640 etque

270 3648 471 3699 infecte
490 3650 743 3700 canebat)
778 3651 923 3714 virg.

334 3730 357 3757 r
376 3724 543 3775 Posito
558 3727 835 3796 cer-tantine]
868 3727 1009 3777 Plut.
1026 3725 1154 3777 oth.
1186 3727 1203 3756 ‘
1224 3727 1334 3777 Mu·

272 3802 381 3852 rius
421 3802 621 3866 Celsus,
651 3803 947 3853 convocatis
980 3802 1237 3866 primariis
1261 3805 1333 3854 vi·

270 3877 357 3942 ris,
371 3880 545 3929 consul
553 3890 664 3929 tere
683 3880 839 3929 cosin
864 3894 1131 3929 commune
1140 3881 1328 3943 jussit:

272 3954 498 4019 Quippe,
520 3961 670 4005 tants
706 3961 927 4020 accepta
959 3955 1126 4017 clade,
1148 3961 1335 4021 totque

270 4030 558 4080 interemtis
578 4031 800 4094 civibus,
838 4046 905 4080 ne
940 4030 1201 4081 Othonem
1226 4032 1339 4097 qui·

270 4105 389 4156 dem
422 4106 609 4172 ipsum,
646 4108 690 4158 si
726 4107 931 4171 quidem
953 4107 1034 4157 vir
1056 4106 1221 4157 bonus
1242 4107 1334 4172 sit,

272 4185 405 4237 ultra
426 4185 653 4249 experiri
674 4184 935 4237 fortunam
953 4184 1330 4251 cogitaturum:

1418 2124 1626 2189 quando
1659 2123 1836 2187 Scipio
1870 2123 2025 2173 etism
2064 2125 2122 2172 et
2159 2122 2310 2184 Cato,
2346 2119 2486 2185 quod

1419 2200 1635 2263 Caesari,
1690 2199 1989 2250 Pharsalico
2039 2199 2242 2262 prrelio,
2295 2195 2488 2247 victori

1418 2277 1712 2327 concedere
1765 2275 2070 2337 noluissent,
2119 2275 2256 2325 male
2307 2273 2486 2324 audie·

1416 2360 1560 2414 runt,
1597 2359 1657 2403 ut
1681 2353 1768 2418 qui
1791 2352 1934 2403 nulls
1955 2351 2270 2402 necessitate
2292 2348 2485 2413 adecti,

1416 2432 1608 2481 multos
1631 2430 1894 2494 bonosque
1920 2430 2055 2479 viros
2079 2429 2132 2479 in
2155 2426 2338 2478 Africa
2365 2440 2485 2491 per-

1416 2508 1686 2570 didissent,
1707 2507 1914 2557 tametsi
1934 2520 2028 2570 pro
2049 2504 2296 2556 libertate
2313 2510 2486 2553 cer-ts·

1416 2585 1555 2646 rint;
1589 2582 1850 2633 fortunam
1871 2588 2036 2643 certe,
2047 2596 2164 2631 cum
2189 2594 2380 2644 anceps
2397 2580 2486 2643 sit,

1418 2668 1746 2711 uenientum
1779 2661 1956 2709 valere
1989 2658 2183 2708 debere
2215 2658 2270 2707 in
2303 2656 2487 2721 bonos,

1418 2743 1496 2800 ut,
1519 2736 1671 2799 rebus
1691 2737 1744 2785 in
1765 2734 2016 2794 adversis,
2049 2734 2185 2784 bene
2219 2734 2486 2783 consulen-

1418 2813 1474 2862 di
1515 2818 1738 2862 mentem
1781 2808 2002 2859 auferat.
2091 2808 2294 2863 Quibus
2338 2808 2484 2859 Celsi

1416 2890 1588 2941 verbis
1609 2890 1804 2941 assensi
1837 2889 2084 2953 primores
2119 2887 2394 2951 milesque,
2426 2893 2484 2937 et

1416 2969 1529 3033 ipse
1563 2968 1818 3031 Titianus,
1855 2963 2134 3015 mittendos
2177 2964 2378 3028 legatos
2415 2963 2483 3015 de

1418 3060 1550 3110 pace
1573 3040 1852 3095 censebat!

1483 3128 1502 3152 ⁸
1533 3122 1594 3171 Is
1635 3120 1838 3171 medism
1879 3116 2218 3182 multumt]
2277 3118 2484 3170 Plutsr.

1418 3195 1550 3261 ΟΨ.
1583 3198 1599 3225 ‘
1623 3196 1744 3247 Non
1775 3195 2004 3259 defuere,
2039 3195 2130 3259 qui
2163 3192 2482 3245 affirmarent

1416 3275 1676 3339 utrimque
1713 3272 2026 3323 exercitibus
2063 3284 2205 3335 saepe
2241 3269 2484 3321 incidisse

1416 3349 1784 3413 cogitationem
1821 3348 1874 3397 in
1909 3362 2068 3397 unum
2103 3344 2481 3407 conveniend13

1416 3440 1480 3475 ec
1501 3424 1568 3475 de
1589 3423 1848 3474 communi
1869 3422 2144 3485 sententis,
2160 3434 2228 3471 ex
2260 3420 2480 3473 ducibus

1416 3501 1658 3551 Romanis
1695 3500 1745 3550 ei
1783 3498 1870 3564 qui
1905 3504 2013 3549 tum
2045 3499 2268 3549 maxime
2317 3498 2482 3563 gloria

1414 3574 1630 3626 floreret
1667 3576 1942 3639 imperium
1981 3572 2282 3637 deferendi3
2312 3576 2393 3624 sin
2421 3574 2478 3625 id

1416 3666 1520 3703 non
1573 3650 1900 3713 succederet,
1940 3657 2225 3702 convocato
2278 3658 2482 3715 senatu,

1414 3727 1652 3793 patribus
1673 3733 1982 3791 potestatem
2010 3726 2274 3791 deligendi
2293 3727 2483 3792 princi-

1414 3806 1496 3870 pis
1518 3804 1860 3855 committere.
1927 3803 2040 3854 Nec
2061 3812 2206 3854 certe
2241 3817 2368 3853 vero
2389 3801 2478 3852 ab·

1412 3882 1581 3932 simile
1603 3888 1700 3945 est,
1715 3894 1834 3931 cum
1855 3886 2077 3945 uterque
2095 3880 2380 3943 imperator
2401 3879 2478 3929 in-

1414 3958 1571 4009 famis
1593 3958 1872 4021 laboraret,
1893 3958 2032 4008 veris
2055 3956 2390 4020 expertisque
2422 3962 2480 4005 et

1412 4048 1540 4085 suna
1571 4041 1748 4083 mente
1779 4032 2018 4096 proeditis
2051 4029 2301 4081 militibus
2343 4031 2476 4095 ejus·

1412 4110 1556 4163 modi
1569 4109 1911 4173 cogitationes
1931 4107 2194 4171 incidisse,
2207 4106 2478 4171 indignum

1412 4190 1470 4237 et
1514 4184 1864 4251 turpissimum
1908 4196 2038 4249 esse,
2077 4197 2140 4233 es
2177 4196 2296 4249 qun
2333 4184 2474 4238 cives
