2893 4742
175 340 229 391 J.
254 341 314 391 e.
340 341 447 404 aa]

854 335 1387 386 HISTORIARUM
1438 338 1588 386 Lus.
1637 339 1721 392 [Ι.

2215 324 2388 426 ”2⁶⁵⁷

1183 543 1393 594 NOTAE

174 677 323 739 duos,
362 690 577 740 quorum
601 673 740 724 bello
774 672 938 723 solnm
976 673 1029 722 id
1067 671 1245 735 scires,

181 753 497 803 deteriorem
520 750 679 800 fuisse
702 750 790 813 qui
816 749 1084 798 vinceret?

249 827 511 889 Occultior]
547 827 822 876 occultior
844 827 1073 886 ambitio,
1100 841 1243 876 reve·

174 917 235 954 ra
267 920 371 953 non
406 906 600 953 melior.
674 905 919 952 Attamen
965 905 1039 952 sic
1084 919 1241 967 supra

176 980 467 1042 distinguit,
494 982 579 1030 ubi
604 983 667 1028 «le
692 981 941 1044 Pompeio
964 987 1019 1029 et
1042 981 1107 1028 de
1128 981 1237 1029 Cae-

177 1056 381 1106 sai-ibus
424 1071 461 1104 ι.
500 1061 581 1104 50.
636 1061 651 1086 ⁸
678 1057 931 1106 Mansisse
986 1057 1047 1104 C.
1080 1055 1240 1113 Julio,

173 1133 423 1180 mansisse
444 1133 653 1180 Caesare
670 1130 907 1194 Augusto
926 1131 1123 1180 victore
1142 1131 1239 1180 Im·

174 1207 398 1269 perium,
436 1223 723 1256 mansuram
760 1207 920 1256 fuisse
957 1209 1052 1256 sub
1086 1207 1239 1256 Pom·

176 1281 300 1344 peio
333 1283 600 1346 Brutoque
624 1282 879 1346 rempub!
946 1283 1052 1332 Ubi
1092 1293 1229 1332 nota·

176 1357 257 1408 bis
278 1358 364 1406 sab
386 1359 605 1422 Pompeio
624 1394 659 1409 ..
680 1395 691 1407 .
710 1374 976 1407 mansuram
1006 1359 1235 1422 Rempub.

222 1435 493 1498 'Pompeius
534 1434 776 1498 occultior]
862 1435 1005 1483 Suet.
1052 1435 1116 1484 de
1158 1435 1235 1484 nl.

172 1511 361 1562 Gram.
410 1518 483 1560 15.
538 1513 625 1560 ubi
664 1512 729 1560 de
770 1513 957 1562 Lena-,o
1002 1512 1237 1575 Pompeii

172 1587 355 1650 Magni
392 1589 606 1637 liberto:
656 1589 855 1636 ‘Tanto
890 1602 1064 1637 amore
1110 1602 1237 1650 erga

172 1663 379 1726 patroni
416 1663 709 1713 memoriam
733 1664 932 1725 extitit,
968 1671 1028 1712 ut
1050 1664 1235 1711 Sallus·

176 1736 304 1786 tium
340 1739 657 1796 historicum,
701 1738 834 1802 quod
862 1751 978 1787 eum
1003 1741 1106 1786 oris
1145 1740 1235 1786 im-

168 1813 340 1877 probi,
360 1815 526 1863 animo
544 1815 911 1878 inverecundo,
926 1814 1236 1878 scripsisset,

171 1889 501 1938 acerbissima
542 1901 717 1954 satyra
756 1893 1091 1952 laceraverit,
1136 1893 1230 1950 las-

170 1971 376 2014 taurum
422 1974 478 2016 et
526 1968 787 2016 lurconem
830 1974 886 2016 et
924 1969 1234 2018 nebulonem

168 2041 582 2106 popinonemque
648 2044 947 2106 appell-‘mn
1013 2051 1069 2092 et
1124 2045 1236 2093 vita

170 2118 483 2182 scriptisque
534 2127 907 2168 monstrosum:
979 2126 1237 2182 praterea

169 2191 452 2255 priscorum
495 2194 811 2259 Catonisque
853 2194 1128 2244 verborum
1160 2194 1235 2244 in-

173 2269 577 2319 eruditissimum
599 2270 798 2319 furem!

238 2345 493 2411 Pompeius
522 2361 612 2397 aon
647 2343 836 2408 melior]
892 2345 1093 2395 Mixtus
1136 2343 1237 2395 fuit

171 2423 454 2473 ambitione
497 2432 551 2473 et
594 2423 892 2483 virtutibus,
936 2427 991 2471 et
1034 2422 1239 2485 possint

172 2500 432 2565 utrimque
455 2499 631 2551 afferri
651 2500 899 2560 rationes,
920 2497 1106 2560 quibus
1130 2498 1237 2547 iau-

172 2574 291 2624 dem
312 2577 519 2636 meruit,
546 2582 601 2623 et
640 2574 825 2639 quibus
863 2586 955 2621 suo
990 2588 1103 2621 aevo
1126 2574 1234 2621 cul-

170 2656 327 2715 patus
351 2656 432 2699 est
470 2651 763 2714 Pompeius.
828 2649 863 2701 J
870 2664 949 2698 am
974 2649 1093 2697 olim
1113 2664 1233 2699 cum

169 2726 289 2776 eu‘rn
311 2726 583 2776 dIscedere
603 2726 669 2775 ab
692 2726 930 2775 exercitu
953 2731 1008 2774 et
1031 2726 1235 2788 provin-

168 2803 253 2853 cia
265 2802 479 2866 juberet
500 2804 666 2867 Sylla,
690 2808 745 2851 et
780 2814 988 2849 manere
1012 2815 1128 2850 eum
1152 2816 1235 2851 co-
1257 2810 1268 2817 ⁴

168 2886 357 2945 gerent
386 2880 595 2941 milites,
638 2878 751 2942 ipse
793 2892 879 2927 eos
915 2876 1144 2941 placare,
1178 2885 1234 2928 et

166 2955 309 3006 alind
347 2956 662 3019 persuadere
705 2960 922 3005 conatus
966 2961 1081 3015 est;
1116 2970 1235 3005 cum

164 3044 291 3080 vero
336 3037 603 3094 urgerent,
638 3030 835 3079 desiliit
870 3044 935 3079 ex
972 3030 1236 3095 tribunali,

164 3112 223 3155 et
260 3107 482 3171 profusis
503 3107 745 3170 lacrymis
770 3104 821 3155 in
846 3106 1233 3155 tabernaculum

162 3195 220 3229 se
264 3181 486 3244 recepit.
566 3182 763 3231 Milites
803 3195 927 3230 vero
959 3180 1009 3229 vi
1045 3190 1236 3245 appre-

162 3256 383 3306 hensum
417 3270 535 3306 eum
566 3258 619 3307 in
644 3258 889 3309 tribunali
914 3272 1093 3307 rursus
1114 3272 1233 3308 con-

166 3331 409 3395 stituere,
444 3338 500 3381 et
524 3332 599 3381 slc
640 3348 826 3396 magna
862 3348 986 3397 pars
1010 3333 1113 3383 diei
1146 3334 1233 3383 ab·

164 3416 338 3457 sumta
373 3414 471 3471 ent,
508 3404 629 3457 dum
656 3410 743 3459 alii
783 3422 1011 3473 manere,
1054 3415 1111 3459 et
1134 3409 1233 3459 sibi

162 3484 426 3547 imperare
462 3490 684 3546 coguut3
744 3490 799 3532 et
841 3484 929 3533 ille
968 3492 1137 3548 rogat,
1170 3491 1231 3534 nt

164 3552 519 3619 absistant‚‘et
541 3571 607 3607 ne
631 3559 1043 3619 tumultuentur;
1067 3558 1233 3609 donec

162 3634 478 3685 instantibus
516 3643 574 3684 et
607 3633 1060 3698 succlamantibus,
1090 3636 1233 3699 jura-

162 3711 243 3760 vit
268 3725 381 3761 sese
402 3711 713 3774 occisurum,
748 3711 790 3760 si
813 3710 916 3760 vim
934 3713 1071 3761 ultra
1091 3710 1234 3760 face·

166 3794 307 3849 rent,
347 3786 403 3836 si·
429 3801 639 3837 manere
678 3795 947 3853 cogerent.
1014 3787 1234 3837 Plut.in

164 3862 437 3927 Pompeio.

230 3937 460 3987 Laudem
478 3938 667 3987 meruit
686 3952 955 4001 summam,
976 3954 1114 4001 cum,
1131 3938 1231 3989 vie-

162 4018 220 4061 to
240 4012 571 4075 Mithridate,
611 4012 787 4063 statim
812 4012 1009 4063 dimisit
1030 4014 1229 4063 exerci-

164 4096 294 4153 tum,
314 4102 432 4138 cum
446 4090 560 4153 jam
583 4090 877 4154 opprimere
900 4088 1056 4139 facile
1080 4090 1230 4139 Rem-

164 4164 292 4230 pub.
312 4171 368 4217 et
389 4166 683 4218 libertatem
708 4173 919 4233 posset:
955 4166 1230 4218 laudabilis

1322 671 1499 735 etiam,
1521 687 1638 722 cum
1677 673 1990 738 triumphum
2029 671 2283 738 abjiceret
2311 675 2386 724 ul-

1323 755 1423 808 tro,
1448 751 1620 812 potius
1641 765 1794 814 quam
1815 750 1968 798 militi
1990 749 2307 800 adularetur.

1388 827 1488 874 Sed
1534 835 1734 886 contra,
1769 827 1818 875 in
1855 841 1972 876 eum
2006 825 2272 888 praecipue
2306 826 2385 875 in·

1322 909 1504 949 vectus
1560 901 1692 949 Cato
1745 897 1962 965 Reipub.
2015 909 2071 948 et
2129 899 2385 950 libertatis

1323 977 1718 1025 amantissima«.
1801 977 1958 1038 Apud
2009 978 2145 1025 Plut.
2189 981 2204 1004 ⁸
2231 976 2383 1026 Pom-

1322 1052 1504 1116 peius‚’
1527 1053 1713 1116 inquit,
1748 1052 1944 1110 ‘de‹lit‚
1979 1067 2066 1101 seu
2099 1066 2382 1102 accommo-

1322 1130 1460 1176 davit
1497 1129 1690 1178 Caesari
1725 1130 1774 1178 in
1815 1131 1986 1178 Gallia
2031 1129 2241 1178 bellanti
2286 1143 2379 1178 sex

1322 1205 1536 1254 miluum
1573 1213 1881 1254 armatorum
1911 1207 2213 1266 exercitum,
2247 1205 2384 1269 quod

1321 1294 1487 1344 neque.
1513 1282 1598 1329 ille
1633 1282 1912 1344 postulavit
1945 1297 1972 1328 a
2018 1282 2179 1341 vobis,
2213 1295 2381 1346 neque

1317 1359 1578 1406 vobiscum
1606 1357 1788 1418 dedit3
1824 1358 1912 1406 sed
1957 1357 2121 1420 copiae
2160 1358 2286 1418 illae,
2326 1365 2382 1406 et

1316 1448 1460 1482 arma
1481 1443 1534 1481 et
1559 1435 1676 1498 equi
1712 1436 1892 1496 gratiae
1915 1443 2036 1481 sum
2064 1433 2380 1496 privatorum

1316 1526 1376 1558 ac
1411 1511 1831 1573 permutationes.
1857 1505 1869 1514 “
1899 1511 1967 1559 Et
1992 1511 2123 1572 ipse,
2144 1509 2232 1574 qui
2257 1509 2381 1558 Dux

1318 1595 1371 1633 et
1410 1587 1698 1648 imperator
1717 1587 2032 1650 appellatur,
2053 1588 2164 1636 alii«
2182 1587 2381 1637 exerci-

1317 1670 1398 1709 tus
1417 1673 1468 1709 et
1495 1663 1780 1725 provincias
1801 1664 1980 1725 tradit,
1997 1665 2116 1711 dum
2135 1662 2245 1726 ipse
2262 1662 2379 1711 urbi

1318 1739 1530 1798 assidet,
1545 1737 1664 1787 dum
1688 1739 1971 1788 discordias
1993 1739 2076 1788 hic
2097 1739 2302 1801 incitat,
2325 1746 2382 1789 et

1319 1812 1599 1861 seditiones
1647 1813 1802 1862 variis
1848 1813 2066 1872 artibus,
2111 1829 2202 1877 per
2253 1829 2378 1880 quas

1314 1889 1586 1940 manifeste
1641 1891 1802 1940 ambit
1856 1893 1952 1940 sibi
2011 1893 2379 1956 principatum,

1316 1973 1590 2030 postquam
1646 1966 1767 2015 dolo
1813 1967 2135 2016 machinatus
2181 1975 2280 2032 est,
2319 1973 2380 2016 ut

1315 2042 1529 2091 invalidi
1553 2049 1644 2092 aut
1666 2043 1794 2091 nulli
1826 2044 1877 2091 in
1904 2044 2029 2092 utbe
2055 2045 2382 2108 magistratus

1315 2116 1529 2168 forent?

1382 2194 1529 2244 Idem
1548 2195 1813 2244 Plutarch.
1839 2194 1890 2242 in
1909 2194 2102 2245 Caesar.
2125 2209 2243 2244 cum
2266 2194 2382 2244 scil.

1317 2269 1469 2320 daret
1486 2270 1665 2320 Caesar
1687 2271 1877 2322 Juliam
1902 2269 1972 2320 fil.
1999 2271 2269 2334 Pompeio,
2293 2285 2380 2320 an-

1318 2353 1370 2396 te
1389 2346 1606 2396 Servilio
1629 2347 1858 2413 Scipioni
1895 2349 2214 2411 promissam,
2242 2353 2298 2397 et
2319 2345 2377 2395 fi-

1318 2422 1437 2471 liam
1459 2424 1694 2486 Pompeii
1718 2424 1956 2483 Servilio,
1978 2440 2092 2487 quae
2125 2424 2380 2487 desponsa

1318 2506 1429 2548 erat
1453 2498 1646 2548 Fausto
1664 2500 1840 2563 Syllae,
1861 2507 1914 2549 et
1937 2501 2047 2563 ipse
2069 2498 2243 2549 Caesar
2259 2514 2382 2549 uxo-

1319 2590 1426 2624 rem
1463 2576 1684 2625 duceret
1721 2575 2051 2638 Calpurniam
2089 2576 2292 2625 Pisonis
2324 2574 2378 2624 fx-

1314 2652 1454 2713 liam,
1476 2652 1623 2700 simul
1649 2659 1703 2701 et
1733 2652 1978 2700 Pisonem
2003 2653 2266 2700 consulem
2289 2650 2378 2700 de-

1315 2728 1561 2791 signaret.
1597 2726 1862 2777 Adversus
1878 2743 2002 2791 qiias
2021 2734 2160 2775 artes
2186 2726 2378 2777 acriter

1313 2800 1655 2851 invehebatur
1712 2803 1844 2851 Cato
1867 2817 1881 2850 ι
1937 2804 1952 2829 ‘
1975 2801 2380 2861 obtestabatur,

1314 2876 1641 2939 clamitabat,
1665 2877 1874 2925 tolerari
1907 2891 2007 2925 non
2043 2876 2254 2941 debere,
2278 2877 2377 2925 Im-

1316 2954 1516 3017 perium
1549 2954 1625 3002 sic
1647 2953 1849 3015 ambiri,
1883 2954 2057 3014 dividi,
2086 2952 2159 3001 sic
2183 2953 2379 3016 nuptiis

1317 3044 1378 3078 ac
1408 3028 1761 3093 matrimoniis,
1779 3030 1923 3094 quasi
1957 3044 2052 3093 per
2087 3028 2376 3077 lenocinia:

1314 3116 1417 3151 non
1439 3102 1710 3152 serendum
1742 3104 1897 3153 duces
1928 3120 2022 3169 per
2049 3104 2376 3155 mulierculas

1314 3176 1412 3227 sibi
1434 3178 1747 3228 distribuere
1785 3180 2006 3230 invicem
2041 3180 2300 3231 exercitus
2322 3188 2380 3231 et

1315 3254 1607 3318 provincias
1627 3254 1662 3306 ε’
1710 3254 1796 3305 οὒκ
1833 3256 2032 3306 ἀνεκτὸν
2063 3255 2176 3307 εἶναι
2209 3256 2381 3320 ’γάμοις

1312 3328 1838 3393 διαμαστρωπευομένης
1872 3334 1960 3391 τῆς
1993 3332 2261 3396 ἡγεμονίας,
2300 3334 2380 3385 καὶ

1310 3406 1387 3455 διὰ
1406 3406 1637 3468 walatam
1652 3406 1716 3457 εἷς
1737 3406 1984 3472 ἐπαρχίας,
1999 3396 2103 3460 ‘Etc-

1376 3484 1450 3532 Et
1469 3484 1535 3533 de
1569 3484 1750 3535 ultimo
1773 3486 1980 3535 tandem
2005 3485 2140 3534 bello
2162 3485 2237 3535 sic
2267 3485 2378 3536 Sal·

1312 3560 1433 3609 lust.
1460 3559 1614 3611 Orat.
1637 3564 1687 3609 2.
1706 3560 1772 3609 ad
1798 3562 1929 3612 Caes.
1962 3561 1979 3590 ‘
2005 3558 2110 3610 Sed
2134 3562 2378 3626 quoniam

1314 3638 1410 3687 Cn.
1455 3636 1734 3701 Pompeius
1774 3646 1864 3687 aut
1901 3638 2059 3687 animi
2101 3639 2381 3702 pravitate,
2431 3627 2438 3636 ’

1314 3719 1403 3762 aut
1427 3712 1546 3777 quia
1562 3712 1689 3762 nihil
1713 3713 1911 3775 maluit,
1932 3729 2081 3779 quam
2114 3713 2255 3779 quod
2279 3712 2377 3764 tibi
2427 3772 2438 3788 ·

1315 3790 1547 3851 obesset,
1565 3788 1638 3838 ita
1659 3790 1832 3854 lapsus
1851 3790 1964 3853 est,'
1989 3794 2085 3840 dec.
2152 3788 2255 3839 Sed
2277 3804 2377 3841 non

1312 3867 1498 3915 mirum
1518 3864 1583 3916 de
1605 3866 1873 3929 Sallustio,
1895 3868 1982 3933 qui
2001 3867 2121 3916 olim
2148 3864 2377 3914 infensus

1311 3941 1562 4006 Pompeio
1585 3940 1798 4007 Magno.

1374 4020 1444 4068 Et
1468 4029 1587 4067 cum
1613 4018 1892 4082 Pompeius
1913 4018 2083 4068 victus
2116 4016 2378 4066 Pharsali-

1310 4092 1383 4141 cis
1404 4094 1623 4157 campis,
1662 4093 1968 4155 Mitylenem
1991 4092 2235 4152 venisset,
2255 4104 2376 4141 cum

1283 4168 1511 4247 ‘intrare
1539 4168 1722 4219 urbem
1753 4168 2024 4232 noluisset,
2056 4166 2376 4221 accessisset·
