2893 4742
469 341 654 410 214⁶
1275 355 1475 408 nous
1524 355 1863 410 nunonis
1962 368 1979 406 ‚r

470 485 544 550 iu
565 483 806 566 Africa
827 487 1114 557 totunm
1135 501 1348 550 naves
1373 489 1442 550 et
1469 501 1833 566 annonam3
1876 483 2176 568 legiones
2216 483 2287 548 in
2310 481 2684 554 Germania

473 604 656 652 nova
678 584 893 655 moliri
903 583 942 664 ς’
983 585 1223 668 quibus
1253 591 1322 650 et
1347 584 1541 668 paria
1584 583 1873 652 addebat
1900 589 1922 620 ‘
1952 583 2037 650 de
2064 584 2263 668 Syria
2290 593 2356 650 et
2380 583 2687 654 Journal·

475 685 616 761 Sed
673 685 1160 763 animadverso,
1189 685 1294 752 his
1341 704 1475 760 non
1530 687 1842 752 exterreri
1874 685 2191 766 Galbam,
2244 706 2439 758 suam
2492 687 2677 774 apud

473 807 628 855 eum
653 787 1110 858 auctoritatem
1157 786 1404 864 labare,
1432 788 1936 872 perspectisque
1984 789 2265 856 militum
2294 789 2365 852 in
2414 807 2491 854 se
2522 793 2675 854 sm-

472 885 628 968 diis,
655 893 880 972 petere
921 889 1010 954 ab
1047 888 1248 954 armis
1294 888 1671 958 subsidium
1714 887 2043 970 decrevit3
2086 888 2471 956 dehortante
2510 887 2675 958 licet

477 985 719 1059 Clodio
747 987 950 1058 Celso
977 985 1433 1066 Antiochensi,
1461 989 1577 1071 qui
1604 1009 1695 1056 ex
1730 991 1967 1062 amicis
1990 991 2139 1074 ejus
2164 991 2269 1054 vir
2293 989 2679 1058 moderatus

476 1094 546 1156 et
583 1088 898 1174 prudens,
924 1090 1256 1165 censebat,
1286 1092 1307 1124 ‘
1337 1089 1783 1172 paucissimos
1812 1096 2219 1174 reperturum.
2245 1089 2510 1169 Romae,
2554 1090 2679 1174 qni

479 1187 956 1272 Imperatorem
999 1208 1150 1260 eum
1175 1187 1434 1254 vellent.
1435 1189 1455 1215 ’
1546 1189 1677 1254 Sed
1722 1191 2003 1256 aliorum
2046 1192 2494 1256 consultorum
2538 1191 2683 1258 risu

475 1295 807 1374 exceptus
831 1295 936 1354 est
963 1289 1228 1366 Celsus,
1277 1290 1648 1372 praesertim
1678 1289 2089 1356 Mithridatis
2116 1291 2469 1374 cujusdam
2496 1288 2681 1364 Pon-

643 1389 940 1468 ‘,’Forte
970 1390 1188 1473 inquit
1214 1391 1404 1469 illest
1433 1409 1608 1456 nunc
1636 1389 1961 1456 Romanis
1988 1389 2234 1470 Galba,
2256 1393 2419 1474 quia
2442 1389 2681 1476 procul

365 1563 378 1568 ,
477 1479 692 1568 abest,
721 1487 976 1572 aliquid
1023 1490 1350 1569 videatur,
1379 1493 1633 1576 quippe
1674 1493 1883 1578 major
1926 1511 2017 1558 ex
2062 1493 2417 1582 longinquo
2462 1498 2681 1562 metus

479 1589 1136 1670 ettevorent123sed
1166 1591 1331 1658 ubi
1312 1611 1380 1655 m
1406 1596 1835 1676 conspectum
1862 1593 2113 1658 venerit
2159 1595 2511 1678 imperator
2540 1594 2681 1660 cal-

479 1709 604 1761 vus
655 1711 738 1758 ac
775 1691 988 1756 fronte
1031 1690 1212 1772 rugis
1263 1696 1473 1769 arata,
1518 1691 1999 1776 deprehendent
2026 1693 2211 1758 cives
2250 1694 2683 1777 opprobrium

477 1793 818 1877 temporie,
843 1810 978 1874 quo
1021 1790 1134 1855 ille
1179 1791 1267 1856 ad
1299 1791 1763 1875 Principatum
1802 1797 2075 1858 evectus
2114 1792 2259 1860 est-³
2346 1793 2682 1882 Nymphi-

479 1895 666 1962 dium
709 1894 940 1976 itaque
987 1893 1212 1958 media
1251 1897 1442 1958 nocte
1492 1893 1849 1977 proxima,
1852 1893 1925 1956 in
1967 1899 2187 1960 castra
2220 1893 2683 1966 deducendum

477 1998 800 2090 statuunt,
829 1999 906 2058 ut
953 1993 1344 2058 salutaretur
1375 1991 1745 2076 Imperator.
1832 1993 1968 2058 Sed
2006 1995 2301 2060 nondum
2348 1994 2682 2086 advespe-

477 2097 808 2190 rasoebat,
838 2113 992 2160 cum
1023 2093 1355 2160 Antonius
1387 2093 1791 2174 Honoratus,
1814 2095 1929 2180 qui
1956 2096 2219 2178 egregia
2242 2096 2410 2163 inter
2437 2095 2682 2162 Tribu-

477 2215 602 2262 nos
623 2196 804 2262 fama
823 2196 1122 2272 florebat,
1139 2196 1421 2260 militum
1445 2215 1715 2260 suorum
1742 2195 2063 2264 concione
2084 2195 2481 2276 advocatass
2502 2195 2689 2295 Quis

477 2295 699 2377 furor,’
725 2299 1015 2383 inquit,‘
1047 2315 1090 2358 o
1135 2295 1324 2373 socii,
1351 2314 1505 2379 quae
1546 2295 1956 2381 intemperiae
1983 2315 2109 2360 vos
2136 2296 2392 2378 agitant
2405 2295 2437 2360 ’ἰ
2466 2315 2682 2383 usque

479 2397 654 2481 adeo
671 2418 794 2463 vos
809 2398 1172 2463 desultoria
1191 2397 1320 2461 fide
1338 2398 1547 2478 leves,
1570 2404 2055 2465 sacramentum
2072 2396 2400 2482 fidemque
2420 2398 2679 2465 nullam

479 2498 568 2563 ob
597 2518 865 2564 causam
894 2499 996 2563 sic
1023 2498 1225 2563 facile
1250 2498 1500 2565 exuitis
1518 2499 1549 2563 ’1
1595 2498 1685 2563 ob
1713 2498 1966 2579 flagitia
1991 2497 2181 2587 rejici
2207 2498 2438 2563 debuit
2468 2496 2681 2577 Nero,
2778 2512 2785 2517 '

477 2598 726 2665 fateor:
771 2599 888 2664 sed
941 2598 1138 2683 cujus
1192 2600 1444 2677 mairie,
1494 2600 1689 2685 cujus
1745 2601 1981 2665 uxoris
2034 2600 2221 2665 caede
2278 2618 2681 2683 conspersus

479 2698 706 2782 Galba
733 2706 836 2765 est
855 2703 885 2765 'l
931 2720 1086 2784 quae
1114 2720 1366 2767 morum
1393 2700 1670 2766 infamia
1696 2700 2031 2785 indignum
2073 2702 2234 2767 fecit
2272 2701 2576 2785 imperio,
2604 2706 2686 2769 ut

477 2802 682 2867 scorti
708 2802 1096 2887 principalis
1125 2802 1302 2867 filius
1329 2802 1392 2871 ei
1421 2802 1809 2888 praeferatur
1824 2805 1855 2869 't
1900 2802 2095 2885 cujus
2130 2802 2285 2869 fuso
2328 2801 2683 2883 sanguine,

481 2903 598 2985 qui
647 2904 716 2969 in
748 2904 948 2970 verba
991 2905 1138 2989 ejus
1174 2903 1498 2986 jurarent,
1523 2904 1709 2969 brevi
1754 2910 2149 2989 praestarent
2177 2904 2433 2971 Neroni
2461 2902 2685 2969 vindi-

479 3004 652 3105 ciae,
677 3024 871 3088 quem
909 3005 1330 3089 prodidisset,
1359 3010 1424 3069 et
1452 3004 1694 3087 Galbae
1721 3005 1896 3070 fidos
1940 3024 2015 3071 se
2054 3007 2435 3089 probarent,
2477 3024 2685 3089 quem

475 3106 606 3173 iste
661 3105 922 3170 insidiis
970 3106 1185 3188 petiit.
1273 3105 1771 3190 Expenderent,
1824 3128 1963 3191 qua
2018 3128 2141 3192 spe
2192 3108 2425 3173 decem
2464 3107 2687 3173 millia

479 3206 1022 3289 praetorianorum
1065 3208 1352 3287 integras
1395 3208 1661 3290 imperii
1688 3210 1862 3275 vires
1904 3210 2329 3287 lacesserent,
2357 3228 2509 3293 quae
2552 3227 2683 3291 pro

479 3306 706 3372 Galba
733 3307 802 3372 in
829 3307 1031 3373 armis
1059 3306 1326 3373 essent:
1412 3308 1561 3373 Illis
1608 3310 1735 3373 hac
1778 3312 2073 3379 oratione
2100 3310 2389 3392 pacatiS,
2418 3310 2685 3375 transiit

479 3409 549 3475 in
577 3408 866 3491 reliquos
895 3409 1278 3489 exemplum
1307 3410 1640 3494 obsequii,
1678 3418 1749 3475 et
1794 3412 2207 3495 praevaluere
2258 3417 2483 3493 partes
2512 3410 2685 3477 Gal-

477 3510 608 3589 bae.
695 3508 982 3575 Exortus
1011 3509 1246 3575 deinde
1293 3511 1364 3573 in
1393 3512 1628 3576 castris
1656 3512 1907 3575 clamor
1940 3511 2418 3595 Nymphidium
2446 3511 2687 3579 adver·-

479 3610 598 3691 tit3
655 3609 774 3694 qui
811 3628 888 3673 se
913 3611 1142 3674 vocari
1190 3616 1400 3689 ratuS,
1429 3618 1500 3681 et
1546 3612 1886 3690 festinans,
1916 3619 1993 3695 ut
2039 3614 2328 3678 firmaret
2372 3616 2685 3680 nutantes

477 3711 758 3789 animoS,
789 3711 1309 3794 seditionemque
1335 3720 1777 3796 praeverteret,
1818 3734 1900 3778 eo
1944 3734 2095 3779 cum
2122 3714 2381 3779 facibus
2408 3698 2689 3777 deduci-

479 3815 614 3887 tur,
642 3811 980 3875 memoriae
1035 3812 1345 3876 mandata
1395 3815 1717 3891 oratione,
1745 3834 1792 3878 a
1818 3814 2142 3896 Cingonio
2172 3814 2469 3881 Varrone
2496 3832 2689 3879 com-

477 3912 729 3997 posita,
773 3931 976 3996 quam
1031 3914 1120 3977 ad
1162 3914 1408 3977 milites
1451 3914 1735 3979 haberet.
1824 3915 1959 3981 Sed
2010 3916 2265 3983 clausis
2310 3920 2685 3981 casnetum

480 4014 714 4098 portiS,
741 4020 813 4079 et
836 4014 1012 4079 vallo
1039 4016 1292 4099 ubique
1313 4036 1434 4100 per
1462 4017 1654 4099 ipsos
1684 4021 2042 4101 occupato,
2087 4017 2333 4081 veritus
2378 4014 2543 4098 quid
2582 4014 2692 4081 ret

481 4106 828 4196 gereretur,
881 4116 1166 4199 propius
1214 4118 1523 4201 accessit,
1574 4117 2037 4203 quaesivitque,
2096 4123 2119 4152 ‘
2172 4116 2333 4207 quid
2376 4116 2462 4183 iis
2500 4120 2691 4185 esset
