2893 4742
421 306 602 376 2662
1143 323 1212 371 c.
1257 321 1455 371 coitu
1466 320 1619 371 nnn
1664 318 1923 371 ruci-rt
2318 326 2414 391 [Α.
2433 327 2509 379 v.
2532 330 2683 379 sau.

425 468 538 533 vel
595 464 870 533 Senatui
917 466 1366 549 permitterent
1415 466 1631 549 legere
1684 464 2184 549 Imperatorem.
2270 464 2503 551 Atque
2558 468 2685 532 eo‘

431 568 664 635 Duces
707 566 1128 633 Othonianos
1181 568 1477 651 spatium
1516 588 1601 633 ac
1644 586 1867 633 moras
1894 570 2245 649 suasisse,¹²
2292 570 2683 653 praecipua

425 689 551 753 spe
582 669 848 734 Paulini
870 677 912 735 :¹
933 678 960 703 v
1003 668 1182 751 quod
1211 668 2253 749 vetustissimus·Gonsularium,²
2300 677 2369 735 et
2394 672 2670 736 militia

427 772 670 850 claruet,
721 771 1002 854 gloriam
1047 790 1416 855 nomenque
1470 773 1868 838 Biitannicis
1920 772 2457 857 expeditionibus
2502 792 2671 841 me-

429 934 484 985 in
521 949 790 985 commune
827 936 1178 999 consulerent,
1221 937 1305 985 vel
1346 935 1579 999 patribus
1624 935 1973 986 concederent
2018 936 2329 987 electionem
2374 938 2675 1003 principis.

429 1000 664 1065 Ideoque
685 1001 846 1051 daces
889 1002 1230 1062 Othonianos,
1271 1010 1477 1064 tempus
1514 1008 1571 1049 et
1606 1000 1993 1049 cunctationem
2033 1003 2288 1062 voluisse,
2320 1009 2379 1051 ct
2412 1004 2673 1066 inprimis

432 1064 760 1115 Paullinum:
799 1068 936 1131 qnod
975 1066 1358 1131 antiquissimus
1399 1066 1745 1115 consularium
1782 1071 1841 1114 et
1876 1064 2007 1115 bello
2042 1065 2289 1131 inclytus,
2310 1066 2475 1117 decus
2492 1076 2561 1119 et
2584 1068 2673 1119 fa·

1357 1190 1414 1210 ‘O
1419 1191 1475 1211 δι’
1480 1190 1653 1211 ”0000
1660 1190 1680 1209 0
1686 1190 1714 1209 Ο

500 1276 528 1321 1
563 1272 836 1323 Brotierus
871 1272 1000 1337 legit
1020 1272 1255 1338 precipue
1279 1270 1554 1332 Paulinum,
1578 1276 1636 1320 et
1666 1271 1741 1320 sic
1766 1271 1896 1322 Mas.
1919 1270 2069 1323 Harl.
2086 1273 2241 1323 Bodl.
2262 1274 2373 1325 Jes.
2400 1273 2673 1327 Puteola·

431 1350 548 1399 nus,
587 1338 834 1401 Ryckius,
871 1338 1166 1388 Gronovius
1202 1352 1264 1387 ac
1304 1336 1643 1411 recentiores.
1713 1336 1849 1411 Flor.
1888 1335 1971 1385 ed.
2001 1351 2093 1411 pr.
2125 1339 2388 1401 precipuas
2420 1339 2671 1387 Paulini.-

432 1402 1292 1519 &Quianamffssffitzffss
1310 1398 2041 1515 efffi‘ffiffl‘ffiffdm.
1990 1397 2372 1529 „3522me
2386 1403 2667 1516 12:212?

430 1526 582 1579 beret
597 1533 860 1595 precipuas
883 1532 1172 1594 Paulliaunt,
1193 1546 1308 1581 cum
1333 1528 1573 1579 Ernestio
1597 1530 1861 1579 sentirem.
1930 1530 2083 1579 Nunc
2118 1530 2362 1593 gignendi
2386 1546 2539 1580 casus
2562 1533 2667 1580 ali-

431 1592 558 1656 quid
579 1594 735 1643 habet
759 1597 808 1643 in
832 1610 1059 1645 recessu.
1127 1594 1322 1644 Forsan
1364 1594 1486 1657 Bip.
1526 1606 1635 1641 rem
1676 1608 1772 1642 acu
1808 1592 1903 1642 teti
1940 1607 2047 1655 ere,
2083 1595 2171 1657 qui
2194 1608 2343 1643 exeo
2368 1595 2503 1659 quod
2530 1610 2665 1645 mox

431 1657 642 1720 legitur,
661 1674 804 1722 neque
827 1660 888 1708 P.
911 1674 1121 1723 sperasse
1141 1674 1266 1723 reor,
1297 1658 1617 1721 conjectant,
1636 1657 1722 1706 hic
1747 1608 2041 1719 legendum,
2056 1660 2297 1723 precipua
2317 1675 2399 1722 spe
2426 1661 2667 1723 Ραιιηὲιιέ,

431 1721 756 1787 similemque
793 1724 965 1775 locum
1003 1722 1272 1773 firmandas
1305 1720 1585 1772 sententias
1618 1736 1683 1769 ex
1720 1720 1953 1771 Sallustii
1974 1724 2180 1785 Fragm.
2205 1724 2241 1771 1.
2266 1736 2356 1772 ιιι.
2382 1739 2431 1773 n.
2456 1728 2539 1773 2⁰.
2564 1725 2657 1773 ed.

433 1786 596 1835 Cottii
617 1788 862 1849 allegant.
933 1788 1150 1851 Recipio
1190 1785 1626 1847 emendationem,
1662 1786 1789 1835 licet
1826 1785 2189 1849 timidiuscule,
2211 1788 2405 1837 namin
2440 1788 2659 1851 vulgato

433 1849 571 1899 idern
594 1866 772 1901 sensns
795 1852 942 1902 latet.
987 1853 1248 1903 ωσι-2
1285 1852 1426 1901 Male
1460 1858 1665 1901 veteres
1696 1852 1969 1910 editiones,
1990 1850 2323 1901 consiliarium.
2392 1853 2496 1902 llis.
2520 1854 2657 1917 ηεξ.

1430 1994 1652 2049 NOTAE

431 2114 556 2163 olim
579 2120 796 2180 propter
817 2114 1011 2179 Syllam
1035 2122 1092 2166 et
1113 2116 1358 2179 Mariam,
1376 2114 1501 2165 dein

428 2196 491 2239 et
527 2191 780 2242 Caesarem
817 2206 880 2243 ac
919 2192 1243 2257 Pompeium,
1277 2194 1501 2242 invicem

1582 2126 1646 2161 co
1702 2092 2013 2176 praecipuus'
2046 2108 2150 2162 fuit
2207 2110 2442 2161 consilio.
2534 2110 2657 2161 Nisi

1583 2187 1724 2240 forte
1770 2189 1825 2237 id
1868 2190 2036 2239 minus
2083 2195 2381 2253 suspectum
2404 2185 2564 2236 fuerit
2604 2188 2657 2236 in

433 2281 490 2315 se
515 2282 694 2330 passos
713 2268 996 2332 doluerint,
1013 2284 1148 2319 nunc
1167 2284 1232 2319 ea
1245 2268 1501 2329 tolerane;

434 2349 494 2391 ut
519 2342 600 2392 vel
623 2342 853 2406 Vitellio,
870 2344 1147 2394 ebrietatis
1169 2350 1226 2396 et
1247 2346 1401 2409 gulae,
1417 2344 1501 2394 vel

435 2417 648 2480 Othoni,
665 2417 878 2468 luxuriae
901 2421 1348 2487 prodigentiaeque
1371 2437 1505 2470 sum-

431 2491 570 2542 tibus
607 2494 936 2555 serviturum,
959 2497 1232 2559 imperinm
1253 2497 1505 2560 sanguine

432 2582 532 2618 suo
552 2578 932 2634 compararent.
999 2573 1134 2622 Hoec
1157 2573 1273 2623 illos
1307 2573 1503 2623 sentire

431 2645 845 2696 animadversum
893 2649 1066 2711 Celso,
1111 2648 1336 2715 ideoque
1386 2665 1504 2714 spe-

435 2733 581 2771 rasse
603 2735 740 2786 eum,
776 2738 922 2773 mora
955 2725 1171 2789 injecta,
1209 2740 1361 2790 posse
1393 2727 1505 2777 sine

437 2797 623 2862 praelio
645 2813 754 2848 rem
775 2801 1012 2865 transigi,
1043 2809 1100 2852 et
1131 2802 1365 2866 ejusdem
1387 2818 1507 2854 con·

433 2885 616 2924 aenam
675 2883 820 2926 metu
867 2877 1131 2928 Othonem
1183 2879 1504 2929 accelerasse

433 2949 710 3014 pralium)

501 3027 518 3059 t
547 3025 708 3090 Atque
727 3027 804 3090 eo]
853 3028 940 3078 Sic
962 3030 1116 3092 capio
1137 3045 1150 3079 ε
1185 3029 1360 3095 Atque
1381 3031 1504 3082 ideo

433 3101 595 3152 duces
629 3103 969 3167 Othonianos,
1003 3107 1270 3156 consilium
1293 3107 1503 3158 dedisse

435 3179 674 3232 trahendi
715 3178 854 3244 belli,
891 3182 1012 3232 ideo
1033 3183 1254 3233 suasisse
1277 3184 1503 3248 spatium

435 3259 496 3304 et
531 3267 718 3319 moras,
737 3263 813 3319 ut,
837 3271 1041 3323 nempe,
1071 3266 1277 3324 tempus
1313 3261 1507 3312 darent

437 3331 754 3380 exercitibus
785 3333 837 3382 in
871 3347 1142 3385 commuue
1183 3337 1507 3399 consulendi,

435 3412 496 3456 ot
515 3407 678 3458 veluti
711 3409 1031 3461 coalescendi
1065 3413 1506 3479 conspirandiqne

436 3481 592 3532 simul
613 3483 666 3532 in
691 3485 998 3535 electionem
1023 3488 1143 3537 boni
1167 3489 1437 3552 principis.

505 3565 528 3591 ¹²
561 3558 782 3622 Spatium
799 3577 859 3611 ue
877 3577 1032 3612 morus
1049 3565 1271 3628 suasisse]
1315 3567 1402 3616 Sic
1425 3581 1509 3615 su-

441 3647 539 3698 pra
579 3635 847 3698 Paulinus,
883 3641 899 3665 ‘
924 3636 1310 3691 festinationem
1349 3642 1507 3692 hosti·

439 3709 556 3775 bns,
577 3727 774 3762 moram
819 3713 944 3777 ipsis
985 3717 1183 3780 utilem,
1217 3717 1505 3769 dissernitt'

441 3787 534 3838 sed
567 3789 668 3838 alio
705 3797 985 3853 pretextu,
1017 3794 1116 3841 alio
1149 3795 1320 3846 animo
1341 3798 1506 3846 consi-

439 3865 632 3930 lioque,
653 3875 901 3931 quantum
927 3876 1075 3932 patet
1097 3885 1164 3918 ex
1183 3871 1383 3922 Tacito.
1476 3891 1485 3900 ·

506 3949 530 3974 v
567 3943 812 4007 Proecipua
831 3960 912 4009 spe
936 3947 1154 4011 Paulini]
1193 3949 1506 3999 Plutarchus

439 4018 538 4068 hoc
583 4020 737 4070 Celso
786 4022 988 4082 tribuit,
1039 4023 1130 4072 sed
1169 4023 1352 4074 minori
1387 4040 1505 4090 pro-

441 4094 736 4148 babilitate.
773 4097 998 4148 Servilius.
1065 4101 1202 4152 Quia
1235 4102 1346 4151 scil.
1382 4103 1506 4153 belli

441 4167 630 4220 decore
673 4173 1012 4236 praeeellebat
1049 4176 1315 4243 Paulinus,
1347 4177 1505 4230 idcir-

1584 2278 1673 2314 ore
1720 2265 1881 2326 Celsi,
1924 2272 1984 2315 ut
2028 2264 2115 2329 qui
2152 2263 2257 2313 fide
2292 2262 2480 2314 eximia
2520 2276 2657 2326 prae·

1581 2344 1777 2393 niteret
1810 2356 1938 2408 erga
1979 2342 2239 2408 Rempnb.
2262 2348 2318 2393 et
2341 2342 2657 2407 principem,

1582 2428 1641 2470 et
1676 2420 1767 2486 qui
1810 2421 1997 2470 nullius
2041 2420 2335 2471 ambitionis
2378 2428 2655 2484 suspectus

1584 2502 1741 2547 esset.

1651 2574 1897 2638 Proeeipuc
1920 2571 2197 2635 Paulinum]
2234 2572 2371 2625 Quia
2404 2573 2517 2636 ipse
2550 2587 2657 2621 ma·

1574 2651 1708 2714 juris
1745 2650 1949 2700 decoris
1992 2657 2050 2700 et
2093 2649 2245 2700 famae
2286 2649 2549 2708 militaris;
2600 2657 2656 2700 et

1586 2729 1706 2792 qnia
1728 2727 1889 2791 ipsius
1910 2741 1994 2776 res
2013 2727 2307 2790 praesertim
2326 2725 2596 2790 agebatur,
2610 2726 2655 2774 si

1584 2817 1616 2852 e
1638 2803 1782 2853 bonis
1804 2804 2084 2867 elegissent
2104 2803 2415 2866 principem.

1650 2881 1899 2943 Praecipue
1918 2877 2199 2940 Paulinum]
2220 2877 2378 2942 Cepit
2396 2877 2652 2939 interpres

1582 2955 1723 3006 Gall.
1756 2955 1903 3019 quasi
1946 2954 2064 3003 ideo
2100 2953 2354 3003 Paulinus
2390 2955 2650 3017 praecipue
2724 2951 2739 2968 “

1580 3033 1787 3096 spatium
1810 3047 1866 3081 ac
1886 3046 2043 3080 moras
2054 3031 2295 3092 suasisset,
2310 3030 2482 3078 animo
2502 3029 2653 3078 alium

1582 3107 1808 3171 eligendi
1855 3107 2161 3170 principem,
2216 3104 2341 3170 quia
2394 3105 2510 3156 scil.
2548 3105 2651 3167 ille,

1584 3183 1959 3234 vetustissimus
1984 3182 2348 3246 consularium,
2382 3189 2439 3231 et
2472 3181 2655 3231 militia

1585 3261 1777 3324 clarus,
1799 3275 1862 3310 eo
1902 3274 2026 3310 casu
2066 3259 2189 3322 eligi
2220 3259 2393 3322 potuit
2420 3257 2486 3308 ab
2508 3271 2651 3308 exer·

1590 3337 1801 3386 citibus.

1648 3412 1751 3462 Sed
1774 3427 1875 3462 non
1910 3426 1974 3462 eo
2012 3425 2175 3476 usque
2211 3409 2474 3474 spectavit
2500 3407 2647 3458 Taci-

1589 3492 1671 3536 tus
1693 3503 1706 3535 z
1743 3494 1945 3536 tantum
1968 3488 2082 3536 vult
2114 3485 2409 3546 Paulinum,
2428 3485 2547 3549 qnia
2566 3499 2649 3535 ve·
2700 3545 2709 3552 .

1588 3563 1899 3613 tustissimus
1945 3563 2033 3612 ille
2076 3562 2379 3624 consularis,
2424 3571 2479 3610 et
2520 3560 2651 3610 fama

1590 3639 1717 3688 belli
1739 3640 1929 3701 clarus,
1950 3638 2071 3689 ideo
2088 3639 2327 3702 proecipae
2342 3637 2537 3688 ausisse
2552 3651 2650 3700 spa·

1588 3714 1728 3764 tiam.
1794 3714 2244 3766 Quemadmodum
2285 3721 2445 3777 snpra
2488 3731 2535 3764 c.
2570 3718 2649 3764 ³1.

1582 3792 1819 3854 praecipue
1838 3791 1927 3840 ille
1950 3793 2129 3854 suasit,
2150 3792 2331 3840 iisdem
2358 3791 2652 3855 rationibus,

1588 3869 1777 3918 bellum
1803 3869 2111 3919 trahendum
2145 3884 2279 3930 esse,
2314 3870 2331 3896 ‘
2356 3869 2559 3931 dignum
2578 3865 2650 3916 fa·

1584 3957 1669 3994 ma
1690 3959 1785 3994 sua
1810 3953 1973 4007 ratus,
2008 3959 2113 4008 qua
2134 3959 2284 3994 nemo
2308 3945 2396 3994 illa
2437 3950 2649 4006 tempes-

1582 4027 1697 4072 tate
1744 4022 1985 4072 militaris
2022 4022 2099 4070 rei
2140 4022 2381 4072 callidior
2428 4019 2645 4068 habeba·

1584 4111 1693 4167 tur,
1715 4104 1782 4153 de
1807 4111 1921 4154 toto
1944 4117 2140 4166 genere
2160 4102 2286 4153 belli
2308 4098 2554 4150 censere?

1650 4181 1829 4246 Certe,
1850 4179 1964 4245 pari
1986 4185 2041 4230 et
2064 4193 2244 4243 causa,
2266 4192 2403 4228 nunc
2424 4183 2649 4228 auctores
