2893 4742
278 383 333 436 s.
358 383 420 436 c.
441 381 555 448 σα]

942 367 1482 438 meronmnuu
1525 365 1680 426 aia.
1724 365 1807 416 n.

2307 343 2486 418 2640

282 519 617 602 caesisque
642 513 982 594 victimis:¹
1025 511 1311 596 Regium
1360 513 1429 574 in
1483 529 1766 576 morem:
1807 508 2180 594 quae‚1aeta
2219 507 2288 572 in
2311 527 2486 594 praa-3

280 717 409 752 more
447 710 777 750 externorum
820 713 1010 760 regum:
1042 711 1165 760 quoe,
1198 699 1343 757 grata
1379 691 1822 757 impr-mentimur,
1851 689 1960 740 dein
1995 689 2110 754 ipsis
2145 688 2295 738 exitio
2325 687 2484 750 suere.

1271 820 1488 877 NOTAE

282 942 539 994 norabant
576 942 944 1008 imperatorem
974 940 1205 992 accensis
1224 938 1349 990 faci·

284 1021 379 1085 bus
401 1021 693 1084 sparsisque
710 1017 961 1068 floribus!

352 1098 422 1146 Et
441 1097 527 1145 lib.
546 1109 585 1144 ι.
610 1099 625 1124 ‘
648 1097 777 1144 Cum
800 1098 1017 1145 Romam
1036 1092 1346 1144 Commodus

284 1174 753 1236 appropinquaret,
808 1180 947 1221 totus
1020 1177 1239 1231 senatus,
1294 1174 1349 1218 et

288 1255 546 1313 quotquot
588 1251 803 1298 Romam
854 1246 1171 1306 incolebant,
1218 1243 1349 1293 urbe

287 1323 499 1387 egressi,
548 1324 751 1374 obviam
794 1323 1151 1388 procedebant
1194 1335 1347 1384 quam

286 1394 441 1461 longe
474 1407 737 1464 poterant,
782 1401 951 1448 lauros
988 1404 1270 1460 gestantes,
1294 1401 1350 1444 et

284 1474 458 1535 flores,
496 1490 623 1540 quos
672 1475 793 1524 anni
839 1483 1119 1538 tempestas
1154 1471 1347 1524 tiabat?

287 1551 556 1602 claudian.
614 1553 811 1615 Paneg.
857 1556 907 1600 2.
965 1551 1031 1599 tie
1080 1549 1347 1598 stilicone.

284 1631 309 1666 ‘⁴
324 1629 649 1691 Spectabunt
666 1628 869 1691 cupidae
884 1633 1093 1688 matres,
1112 1637 1348 1689 spargen-

287 1707 376 1754 tur
398 1711 453 1753 et
475 1720 654 1754 omnes
680 1705 833 1754 Flore
856 1703 991 1752 viar!
1041 1703 1267 1752 Sacilius.

178 1787 195 1798 '
297 1765 305 1780 ⁸
352 1781 510 1830 Lauro
531 1781 737 1843 rosisque
763 1777 1133 1840 constraverunt]
1199 1779 1347 1827 Curt.

284 1856 381 1906 lib.
404 1871 525 1906 vui.
548 1859 563 1884 ‘
592 1857 721 1905 Cum
762 1871 853 1904 rex
894 1870 1017 1904 sane
1052 1855 1103 1903 in
1142 1853 1349 1917 publico

288 1933 521 1996 conspici
558 1932 773 1996 patitur,
808 1931 1067 1980 thuribula
1104 1937 1351 1992 argentea

284 2008 509 2058 ministri
548 2007 745 2072 serunt,
783 2013 1051 2070 totumque
1092 2005 1213 2067 iter,
1256 2017 1351 2067 per

286 2085 427 2149 quid
458 2084 582 2134 ferri
616 2084 913 2146 destinavit,
934 2083 1176 2132 odoribus
1216 2096 1352 2130 com-

288 2162 473 2226 plent!
540 2161 687 2214 Idem
728 2164 875 2212 Curt.
920 2161 1009 2210 lib.
1031 2173 1084 2208 ν.
1117 2160 1131 2187 ‘
1156 2159 1351 2208 Totum

286 2239 391 2287 iter
411 2235 623 2288 floribus
646 2237 958 2302 coronisque
976 2241 1354 2296 constraverat,

288 2315 551 2381 argenteis
586 2315 840 2366 altaribus‘
857 2316 921 2363 ab
945 2323 1163 2377 utroque
1188 2313 1350 2360 latere

287 2384 569 2457 dispositis,
603 2408 721 2458 quae
740 2406 843 2443 non
866 2391 1016 2441 thure
1040 2390 1224 2451 solum,
1258 2386 1351 2437 sed

288 2468 526 2517 omnibus
548 2468 791 2519 odoribus
812 2464 1204 2517 cumulaverat-⁹

354 2543 379 2576 ‘¹
402 2546 679 2594 Iis-structis
709 2544 961 2607 auat-ibus,
981 2544 1196 2605 coesisque
1217 2540 1353 2591 victi-

288 2619 403 2683 mis]
433 2618 557 2671 Aras
578 2622 693 2671 istae
715 2627 771 2670 et
788 2621 1009 2669 victimte
1030 2618 1233 2668 Vitellii
1248 2618 1353 2669 Ge-

288 2698 375 2746 nio
396 2701 454 2747 et
474 2696 729 2747 victorias.
774 2696 935 2745 Foeda
952 2694 1042 2744 sed
1064 2702 1211 2743 vetus
1229 2693 1353 2742 adu-

288 2775 437 2837 latio,
483 2786 638 2839 quam
678 2774 729 2822 in
772 2772 997 2821 adventu
1028 2773 1227 2833 Regum
1262 2774 1356 2818 aut

290 2850 584 2915 principum
636 2856 949 2913 usurparunt
1001 2848 1175 2897 Graeci
1214 2846 1352 2895 Lati-

290 2940 464 2992 mque.

354 3002 592 3053 Justinus
612 3003 705 3053 lib.
726 3014 883 3053 xxiv.
918 3003 934 3030 ‘
952 3000 1177 3053 Arsinoe
1221 3016 1351 3064 prae·

292 3092 473 3143 gressa
496 3080 679 3140 virum,
708 3078 897 3129 festum
918 3078 1057 3128 diem
1086 3077 1201 3127 urbi
1222 3076 1356 3126 indi-

293 3156 367 3203 cit
390 3172 403 3215 ;
438 3154 633 3216 domos,
650 3156 861 3219 templa,
882 3162 1160 3219 ceteraque
1182 3154 1355 3203 omnia

294 3232 531 3279 exornari
561 3232 748 3295 jubet;
782 3242 898 3279 aras
920 3229 1115 3293 ubique
1142 3228 1355 3278 hostias-

294 3320 395 3370 que
411 3306 651 3370 disponi.'

362 3382 538 3432 Valet.
561 3382 649 3433 lib.
674 3395 753 3432 rx.
777 3383 865 3431 De
882 3380 1140 3441 Luxuria:
1174 3382 1189 3409 ‘
1210 3379 1353 3432 Quid

294 3457 393 3509 sibi
406 3458 565 3508 voluit
574 3459 815 3522 princeps
828 3472 1033 3507 suorum
1047 3465 1357 3519 temporum,

226 3538 237 3547 '
294 3535 545 3585 Meteilus
580 3534 727 3596 Pius,
746 3548 865 3584 cnm
902 3535 955 3582 in
996 3533 1249 3596 Hispania
1270 3532 1359 3581 ad-

295 3616 483 3661 ventus
524 3626 639 3661 suos
683 3610 749 3660 ab
799 3610 1091 3675 hospitibus
1138 3610 1241 3659 aris
1302 3616 1359 3657 et

296 3687 449 3738 thure
472 3689 645 3751 excipi
664 3688 963 3751 patiebatur
978 3686 1015 3737 ?’

364 3761 581 3811 Factum
602 3770 657 3811 et
681 3763 874 3811 Caesari
904 3778 933 3811 e
963 3762 1139 3813 Gallia
1158 3760 1358 3812 reduci.

296 3838 507 3891 Hirtius
527 3838 617 3887 lib.
650 3852 777 3887 νιιι.
804 3839 821 3866 ⁸
840 3839 1131 3889 Multitudo
1152 3838 1356 3889 obviam

294 3915 636 3980 procedebat,
694 3915 876 3964 hostiae
935 3914 1171 3964 omnibus
1228 3914 1359 3963 iocis

294 3992 723 4043 immolabantur:
761 3991 1000 4041 tricliniis
1022 3990 1215 4053 stratis,
1244 3989 1361 4039 fora

296 4071 599 4135 templaque
618 4066 1038 4131 occupabantur!

308 4176 323 4185 —
364 4146 437 4196 Et
454 4147 645 4210 passim
674 4144 867 4195 deinde
888 4142 1228 4207 principibus.
1292 4142 1359 4192 ln

298 4224 463 4288 Caiig.
487 4224 701 4275 Sueten.
721 4234 837 4287 cap.
862 4224 943 4273 12.
966 4222 982 4251 ⁴
1010 4221 1156 4272 Inter
1180 4222 1363 4272 altaria

1424 942 1481 986 et
1511 936 1766 1000 victimas,
1789 935 2134 998 ardentesque
2157 932 2344 995 taedas,
2361 931 2486 984 ‹ien-

1426 1015 1624 1062 sissimo
1649 1022 1701 1062 et
1717 1013 1983 1062 laetissimo
1999 1010 2262 1060 obviorum
2279 1009 2486 1073 agmina

1425 1089 1676 1139 incessit!
1741 1089 1806 1137 In
1854 1088 2026 1137 Galba
2069 1087 2205 1136 idem
2249 1101 2362 1150 cap.
2401 1089 2486 1136 18.

1424 1168 1440 1194 ‘
1461 1167 1589 1214 Cum
1633 1179 1732 1229 per
1767 1179 1919 1214 omne
1957 1165 2078 1225 iter,
2118 1163 2303 1212 dextra
2337 1161 2486 1212 sinis·

1428 1251 1634 1310 traque,
1663 1244 1890 1306 victimsae
1913 1241 2200 1308 oppidatim
2223 1241 2490 1293 caedere-u·

1429 1321 1552 1370 tur.'

1495 1397 1700 1448 Plinius
1753 1396 2082 1460 Panegyrico
2135 1395 2204 1444 de
2257 1394 2490 1444 adventu

1425 1475 1665 1539 Trajani:
1685 1477 1699 1504 ‘
1721 1475 1794 1523 Ut
1813 1475 1969 1538 plena
1987 1471 2257 1533 altaribus,
2273 1476 2494 1534 augusta

1426 1550 1650 1600 victimis
1671 1549 1896 1598 cuncta!

1492 1625 1640 1676 Alius
1655 1625 2008 1689 panegyristes
2022 1621 2086 1671 ad
2100 1621 2492 1672 Maximianum:

1428 1703 1445 1733 ‘
1479 1703 1772 1767 Totamque
1815 1701 1946 1749 hanc
1991 1699 2173 1749 urbem
2215 1697 2492 1762 repentina

1428 1787 1519 1829 tua
1529 1781 1590 1828 in
1611 1779 1782 1828 hostes
1798 1775 2068 1840 eruptione
2109 1774 2383 1836 solicitam,
2400 1775 2491 1824 lae-

1430 1857 1547 1908 titia
1567 1864 1623 1906 et
1642 1855 1966 1906 exultatione
2001 1860 2057 1902 et
2095 1853 2198 1903 aris
2231 1849 2492 1914 flagranti-

1428 1932 1528 1982 bus
1547 1939 1602 1981 et
1625 1930 1891 1981 sacrificiis
1907 1936 1963 1979 et
1979 1928 2221 1978 odoribus
2257 1927 2494 1976 accensis

1428 2009 1626 2058 numini
1649 2015 1738 2058 tuo
1759 2005 2020 2070 implesti!
2083 2004 2293 2068 Lipsius.

1499 2083 1776 2134 Exstractis
1794 2083 2040 2132 altaribus.
2085 2081 2172 2130 Sic
2193 2094 2311 2130 cum
2331 2079 2494 2130 corol-

1430 2162 1494 2212 lis
1515 2167 1572 2210 et
1606 2162 1754 2210 thure
1775 2159 1972 2209 consuli
1997 2156 2202 2208 obviam
2233 2155 2364 2204 itum
2379 2156 2492 2218 jam

1431 2241 1570 2303 oiim,
1586 2241 1805 2304 Dionys.
1824 2238 1911 2288 ubi
1931 2236 2208 2287 deVaierio
2227 2236 2344 2286 Cos.
2357 2235 2374 2262 ‘
2391 2234 2492 2282 Ve-

1430 2317 1593 2366 nienti
1617 2317 1837 2381 populus
1861 2315 1924 2365 ad
1961 2313 2177 2363 muitum
2215 2313 2315 2360 vim
2351 2323 2496 2360 coro-

1427 2402 1580 2444 natus
1603 2394 1849 2453 occurrit,
1871 2390 2096 2444 suffitum
2111 2389 2274 2439 thuris
2297 2397 2496 2437 transe-

1430 2470 1545 2518 unti
1567 2468 1784 2531 faciens,
1799 2474 1856 2519 et
1873 2467 2026 2517 mulsi
2048 2466 2244 2530 poculis
2273 2464 2497 2515 militem.

1430 2545 1728 2608 excipiens?

1499 2622 1776 2671 Exsmetis
1789 2622 2040 2685 fluoribus]
2071 2622 2250 2671 Simile
2264 2620 2388 2687 quid
2407 2634 2494 2671 ac·

1432 2705 1541 2748 tum
1554 2699 1664 2762 jam
1688 2708 1868 2749 vetere
1892 2700 2096 2762 Repub.
2122 2699 2329 2748 Sallust.
2353 2698 2492 2763 apud

1432 2774 1668 2826 Macrob.
1706 2776 1918 2825 Saturn.
1957 2776 2050 2823 lib.
2076 2789 2161 2825 m.
2184 2775 2264 2825 13.
2288 2774 2354 2825 de
2377 2776 2494 2825 Me-

1434 2852 1576 2901 tello.
1642 2855 1657 2879 ‘
1682 2851 1816 2900 Eum
1869 2852 2010 2900 ultra
2049 2851 2394 2900 Romanorum
2437 2857 2494 2901 et

1430 2926 1726 2976 mortalium
1779 2926 1934 2976 etiam
1989 2940 2185 2976 morem
2227 2926 2497 2989 curabant,

1434 3003 1700 3052 exornatis
1737 3002 1933 3052 ⁴cedibus
1965 3016 2062 3066 per
2082 3001 2248 3051 aulaea
2271 3009 2324 3051 et
2345 2999 2504 3065 iusig-

1432 3079 1536 3143 nia,
1547 3080 1816 3143 scenisque
1835 3079 1900 3129 ad
1917 3078 2316 3129 ostentationem
2333 3077 2500 3127 histri-

1432 3168 1585 3203 onum
1621 3152 1923 3203 fabricatis:
1957 3153 2108 3203 simul
2141 3166 2296 3202 croco
2313 3165 2500 3216 sparsa

1430 3231 1630 3291 humus,
1651 3237 1708 3281 et
1735 3228 1838 3278 aiis
1859 3230 1912 3278 in
1931 3228 2136 3279 modum
2159 3228 2342 3293 templi
2365 3227 2502 3279 ceie-

1432 3307 1662 3358 berrimi.
1758 3307 2054 3368 Praeterea,
2098 3322 2216 3357 cum
2293 3306 2499 3356 sedenti

1433 3390 1715 3433 transenna
1732 3381 2006 3433 demissum
2029 3383 2262 3432 victoria
2287 3382 2496 3432 simula-

1434 3474 1600 3521 crum,
1637 3474 1756 3511 cum
1779 3460 2070 3509 machinato
2103 3458 2332 3522 strepitu
2365 3458 2498 3507 toni·

1436 3544 1627 3599 trunm,
1673 3550 1912 3586 coronam
1967 3536 2128 3598 capiti
2179 3534 2496 3598 imponebat,

1438 3622 1548 3665 tum
1567 3614 1798 3663 venienti
1835 3614 1984 3663 thure
2005 3613 2152 3678 quasi
2174 3612 2288 3661 Deo
2304 3611 2498 3677 suppli-

1438 3690 1674 3753 cabatur,
1699 3694 1800 3741 &c-

1502 3768 1518 3794 ‘
1543 3766 1742 3819 Quibus
1765 3766 1919 3815 rebus
1956 3765 2270 3829 aliquantam
2293 3768 2498 3827 partem

1438 3840 1614 3904 glorie
1653 3841 1952 3903 demiserat,
1991 3841 2210 3889 maxime
2249 3836 2387 3902 apud
2411 3852 2499 3888 ve·

1438 3924 1578 3967 teres
1620 3924 1676 3966 et
1715 3924 1920 3967 sanctos
1957 3917 2108 3975 viros,
2142 3912 2366 3976 superba
2389 3914 2500 3975 illa,

1436 3992 1636 4058 gravia,
1671 3992 1886 4057 indigna
1929 3989 2169 4039 Romanis
2207 3989 2501 4039 existiman-

1440 4070 1560 4120 tes.'

1503 4148 1577 4195 Et
1613 4144 1740 4196 licat
1781 4144 1831 4193 in
1875 4152 2072 4191 sumina
2111 4140 2294 4190 latitia
2319 4140 2498 4205 popuii

1436 4223 1590 4273 Rom.
1614 4234 1730 4272 cum
1745 4220 1862 4275 scil.
1883 4217 2223 4283 triumpharet
2243 4218 2311 4269 de
2329 4222 2502 4269 extes-
